condition_id,market,timestamp_unix,timestamp_iso,date,side,outcome,price,size_shares,tx_hash
0xcdb1f0400949238a63d3e88243d2ada08cd9c2a71985ced9f0cfd5e66354cf90,Will USA win the 2026 FIFA World Cup?,1783044224,2026-07-03T02:03:44+00:00,2026-07-03,BUY,No,0.974,5003.9,0x623af8501325b90aab3ba1284f26f80d6bf70a148993f37697dd665174f7785d
0xcdb1f0400949238a63d3e88243d2ada08cd9c2a71985ced9f0cfd5e66354cf90,Will USA win the 2026 FIFA World Cup?,1783043729,2026-07-03T01:55:29+00:00,2026-07-03,SELL,No,0.973,41.94,0x46f0479c3de9f5c9c28cec7d19c4a93ed2589d3f5c0ced670374d5f92b547c9b
0xcdb1f0400949238a63d3e88243d2ada08cd9c2a71985ced9f0cfd5e66354cf90,Will USA win the 2026 FIFA World Cup?,1783043699,2026-07-03T01:54:59+00:00,2026-07-03,BUY,Yes,0.027,185.1852,0x38082cbf71c7cdfae95a68fe8df532c430262550f13327635d30285f2abcca6b
0xcdb1f0400949238a63d3e88243d2ada08cd9c2a71985ced9f0cfd5e66354cf90,Will USA win the 2026 FIFA World Cup?,1783043405,2026-07-03T01:50:05+00:00,2026-07-03,BUY,No,0.974,10.5338,0x43d0500aeaaf9299d489e4c96338d4a5e1a7134c9c2c4cf55acaa98c636037f8
0xcdb1f0400949238a63d3e88243d2ada08cd9c2a71985ced9f0cfd5e66354cf90,Will USA win the 2026 FIFA World Cup?,1783043354,2026-07-03T01:49:14+00:00,2026-07-03,SELL,Yes,0.026,8333.33,0x5194ec29c386816a29c941d372dc20b2247867902e93876ca0dd0a1237c42509
0xcdb1f0400949238a63d3e88243d2ada08cd9c2a71985ced9f0cfd5e66354cf90,Will USA win the 2026 FIFA World Cup?,1783043204,2026-07-03T01:46:44+00:00,2026-07-03,BUY,No,0.974,3.0801,0x8ea45194a59d8d4eaa49f39f191c08ed463975ba2fa23e8ab17708ae39ffbd26
0xcdb1f0400949238a63d3e88243d2ada08cd9c2a71985ced9f0cfd5e66354cf90,Will USA win the 2026 FIFA World Cup?,1783043167,2026-07-03T01:46:07+00:00,2026-07-03,SELL,No,0.973,49.84,0xd84e5202849f5275c6e90d80b3fb8308abc5b056fa848322de52492ff35925d6
0xcdb1f0400949238a63d3e88243d2ada08cd9c2a71985ced9f0cfd5e66354cf90,Will USA win the 2026 FIFA World Cup?,1783043018,2026-07-03T01:43:38+00:00,2026-07-03,BUY,No,0.974,2000.0,0xe79c475ed89ad91ee84c133a293617f35749f968f3cf02ea6a4f87c0988e0094
0xcdb1f0400949238a63d3e88243d2ada08cd9c2a71985ced9f0cfd5e66354cf90,Will USA win the 2026 FIFA World Cup?,1783042912,2026-07-03T01:41:52+00:00,2026-07-03,BUY,Yes,0.027,1370.3704,0x788df585fd846dc628da24195304adc58d2f6e3f9e76c05b139035b5fe1757ea
0xcdb1f0400949238a63d3e88243d2ada08cd9c2a71985ced9f0cfd5e66354cf90,Will USA win the 2026 FIFA World Cup?,1783042903,2026-07-03T01:41:43+00:00,2026-07-03,BUY,Yes,0.027,3333.0,0xb8ef4ab794593c8e0f0c63767d783aca3163967b2ba2b10c57495f35912c06ff
0xcdb1f0400949238a63d3e88243d2ada08cd9c2a71985ced9f0cfd5e66354cf90,Will USA win the 2026 FIFA World Cup?,1783042898,2026-07-03T01:41:38+00:00,2026-07-03,BUY,No,0.974,1000.0,0xf825326f3406eae8baa897b9abd165333a842e4de8a4cd13bf25b0ec38c11b78
0xcdb1f0400949238a63d3e88243d2ada08cd9c2a71985ced9f0cfd5e66354cf90,Will USA win the 2026 FIFA World Cup?,1783042648,2026-07-03T01:37:28+00:00,2026-07-03,SELL,Yes,0.026,767.71,0x2bf820afc8f994cc18f4cc1c9d8b0d9a4de78d88a51119d08b3a280e51096c04
0xcdb1f0400949238a63d3e88243d2ada08cd9c2a71985ced9f0cfd5e66354cf90,Will USA win the 2026 FIFA World Cup?,1783042495,2026-07-03T01:34:55+00:00,2026-07-03,SELL,Yes,0.026,86.95,0x6f9cca48779b2d1e754f5e3ceeebd0071dfd85299e1650eaa9de0fb7a9d37b20
0xcdb1f0400949238a63d3e88243d2ada08cd9c2a71985ced9f0cfd5e66354cf90,Will USA win the 2026 FIFA World Cup?,1783042243,2026-07-03T01:30:43+00:00,2026-07-03,BUY,Yes,0.027,400.0,0x66b77e051ac62409704c38b31294cdd51d1d24349f3fe590a165943c8583cec9
0xcdb1f0400949238a63d3e88243d2ada08cd9c2a71985ced9f0cfd5e66354cf90,Will USA win the 2026 FIFA World Cup?,1783042066,2026-07-03T01:27:46+00:00,2026-07-03,BUY,Yes,0.027,38.0,0x62220bcbe2eacc852724e5441f550d2d2a856f8019109007b6e9caa670cd03fc
0xcdb1f0400949238a63d3e88243d2ada08cd9c2a71985ced9f0cfd5e66354cf90,Will USA win the 2026 FIFA World Cup?,1783042066,2026-07-03T01:27:46+00:00,2026-07-03,BUY,Yes,0.027,38.0,0xa8daf484a6e081b1a8ad0ec135a41f6eb376a677f261ae743ffde3030611a93f
0xcdb1f0400949238a63d3e88243d2ada08cd9c2a71985ced9f0cfd5e66354cf90,Will USA win the 2026 FIFA World Cup?,1783042066,2026-07-03T01:27:46+00:00,2026-07-03,BUY,Yes,0.027,38.0,0x09d5d125d57365ba649412303b09e9197f9d090887aa44de513695eed3db9cfa
0xcdb1f0400949238a63d3e88243d2ada08cd9c2a71985ced9f0cfd5e66354cf90,Will USA win the 2026 FIFA World Cup?,1783042066,2026-07-03T01:27:46+00:00,2026-07-03,BUY,Yes,0.027,38.0,0xbbc308f1bb9c6d34b5d17d2486e432825be65f77d774a0e8ca3a70161be6e9ee
0xcdb1f0400949238a63d3e88243d2ada08cd9c2a71985ced9f0cfd5e66354cf90,Will USA win the 2026 FIFA World Cup?,1783042066,2026-07-03T01:27:46+00:00,2026-07-03,BUY,Yes,0.027,38.0,0xf565341e3045929beff9765eca757600e71f3db1fd994b89663b7f06c717dc7c
0xcdb1f0400949238a63d3e88243d2ada08cd9c2a71985ced9f0cfd5e66354cf90,Will USA win the 2026 FIFA World Cup?,1783042066,2026-07-03T01:27:46+00:00,2026-07-03,BUY,Yes,0.027,38.0,0xde185789e00a907b05dc8fd934aa9715f55c293850b10b559154e02fb8c9dcf2
0xcdb1f0400949238a63d3e88243d2ada08cd9c2a71985ced9f0cfd5e66354cf90,Will USA win the 2026 FIFA World Cup?,1783042066,2026-07-03T01:27:46+00:00,2026-07-03,BUY,Yes,0.027,38.0,0xccce9961b1085995375c97b81eb06f587f60a1681c6f4f8ad27504eae891ac5b
0xcdb1f0400949238a63d3e88243d2ada08cd9c2a71985ced9f0cfd5e66354cf90,Will USA win the 2026 FIFA World Cup?,1783042066,2026-07-03T01:27:46+00:00,2026-07-03,BUY,Yes,0.027,38.0,0xe0dfc15a12da4f786314dda842b65fb23d021511266b8ea9900e8c80a0685e33
0xcdb1f0400949238a63d3e88243d2ada08cd9c2a71985ced9f0cfd5e66354cf90,Will USA win the 2026 FIFA World Cup?,1783042066,2026-07-03T01:27:46+00:00,2026-07-03,BUY,Yes,0.027,38.0,0x1c6034b86e678ccd7014dcee2946692ec2d9f74da2af61f984475a3f8bc990a2
0xcdb1f0400949238a63d3e88243d2ada08cd9c2a71985ced9f0cfd5e66354cf90,Will USA win the 2026 FIFA World Cup?,1783042066,2026-07-03T01:27:46+00:00,2026-07-03,BUY,Yes,0.027,38.0,0x6e65b8b9fca96befaa9ee9b524320d83b75e895a3dbadd5cd1694c09a4a450c5
0xcdb1f0400949238a63d3e88243d2ada08cd9c2a71985ced9f0cfd5e66354cf90,Will USA win the 2026 FIFA World Cup?,1783041778,2026-07-03T01:22:58+00:00,2026-07-03,SELL,No,0.973,54.99,0x4c2f1004c34507dd519df581c779abef48a5587acd31fa4f530cd8d8818a7fa8
0xcdb1f0400949238a63d3e88243d2ada08cd9c2a71985ced9f0cfd5e66354cf90,Will USA win the 2026 FIFA World Cup?,1783041592,2026-07-03T01:19:52+00:00,2026-07-03,SELL,No,0.973,39.55,0x82201e88bdec3e5b33c3b622bf94ae9f2105a32d840390ed3db745f90c7ced49
0xcdb1f0400949238a63d3e88243d2ada08cd9c2a71985ced9f0cfd5e66354cf90,Will USA win the 2026 FIFA World Cup?,1783041524,2026-07-03T01:18:44+00:00,2026-07-03,BUY,Yes,0.027,1111.1111,0x6a11ecf6973c0f581b9099b3aeb0ffb84dab9ae2f8e9abb4402ccd50c9750c72
0xcdb1f0400949238a63d3e88243d2ada08cd9c2a71985ced9f0cfd5e66354cf90,Will USA win the 2026 FIFA World Cup?,1783041518,2026-07-03T01:18:38+00:00,2026-07-03,SELL,No,0.973,47.09,0xcfb8ea3606a43d25aaa14c51ef0d4a6946e807adca155ca516cd43d08f935da9
0xcdb1f0400949238a63d3e88243d2ada08cd9c2a71985ced9f0cfd5e66354cf90,Will USA win the 2026 FIFA World Cup?,1783041491,2026-07-03T01:18:11+00:00,2026-07-03,SELL,Yes,0.026,1028.12,0x060dc793ac8bdbc85e1c248925bc4ddc005f0850befc1a4d26e30ff7fffa1179
0xcdb1f0400949238a63d3e88243d2ada08cd9c2a71985ced9f0cfd5e66354cf90,Will USA win the 2026 FIFA World Cup?,1783041485,2026-07-03T01:18:05+00:00,2026-07-03,BUY,No,0.974,25.0,0x914e148e345bcea108ea53e4e0be621b91bc79542965726f70b9609dc92fcd90
0xcdb1f0400949238a63d3e88243d2ada08cd9c2a71985ced9f0cfd5e66354cf90,Will USA win the 2026 FIFA World Cup?,1783041437,2026-07-03T01:17:17+00:00,2026-07-03,BUY,Yes,0.027,74.0741,0x51af8ce0b16139b04194b034222acd553003aa51625c787bb88b8ed286b041cc
0xcdb1f0400949238a63d3e88243d2ada08cd9c2a71985ced9f0cfd5e66354cf90,Will USA win the 2026 FIFA World Cup?,1783041358,2026-07-03T01:15:58+00:00,2026-07-03,SELL,Yes,0.026,71.43,0x24754765ef47f8b55773d0fa6b49db833a15ce9e4c8fa04d77a4c4be9f625ef9
0xcdb1f0400949238a63d3e88243d2ada08cd9c2a71985ced9f0cfd5e66354cf90,Will USA win the 2026 FIFA World Cup?,1783041358,2026-07-03T01:15:58+00:00,2026-07-03,SELL,No,0.973,42.81,0xa2b21bcb8c514cc010ff9f081804f6efefdd5e49b866967e30d43e8553df8b0a
0xcdb1f0400949238a63d3e88243d2ada08cd9c2a71985ced9f0cfd5e66354cf90,Will USA win the 2026 FIFA World Cup?,1783041344,2026-07-03T01:15:44+00:00,2026-07-03,BUY,Yes,0.027,37.037,0x7721d5b020ec66c722978771f9d142f8bd185d13819faa959f8a08d0928a2764
0xcdb1f0400949238a63d3e88243d2ada08cd9c2a71985ced9f0cfd5e66354cf90,Will USA win the 2026 FIFA World Cup?,1783041184,2026-07-03T01:13:04+00:00,2026-07-03,SELL,Yes,0.026,161.3,0xbf853607722881918e1a03b3ee8934aa1a4b29a8c14a703449496f311b228403
0xcdb1f0400949238a63d3e88243d2ada08cd9c2a71985ced9f0cfd5e66354cf90,Will USA win the 2026 FIFA World Cup?,1783040687,2026-07-03T01:04:47+00:00,2026-07-03,BUY,No,0.974,5.0,0x9c0c11c73e107edcf04069d94f245fe4b5269cd9b4ab9983af8ffa5a3653e3c7
0xcdb1f0400949238a63d3e88243d2ada08cd9c2a71985ced9f0cfd5e66354cf90,Will USA win the 2026 FIFA World Cup?,1783040533,2026-07-03T01:02:13+00:00,2026-07-03,SELL,Yes,0.026,161.29,0x85ad39831b189a534dbb9bf6e9fb2863774cbca314513aec43a7ae90d456e656
0xcdb1f0400949238a63d3e88243d2ada08cd9c2a71985ced9f0cfd5e66354cf90,Will USA win the 2026 FIFA World Cup?,1783040474,2026-07-03T01:01:14+00:00,2026-07-03,BUY,No,0.974,61.6016,0xa32690bf994e7e0fbdd69516c27193904135b5ce07fb19777261f620885ef424
0xcdb1f0400949238a63d3e88243d2ada08cd9c2a71985ced9f0cfd5e66354cf90,Will USA win the 2026 FIFA World Cup?,1783040461,2026-07-03T01:01:01+00:00,2026-07-03,BUY,No,0.974,44.4866,0x544685454418c18abf19304ccbf712945df253c66a13db825ceca10bba69e8c8
0xcdb1f0400949238a63d3e88243d2ada08cd9c2a71985ced9f0cfd5e66354cf90,Will USA win the 2026 FIFA World Cup?,1783040423,2026-07-03T01:00:23+00:00,2026-07-03,SELL,Yes,0.026,1250.0,0x276390523bf5d495434247ea2d474e6d844b8bb5040a9c17635e299ecb2e1491
0xcdb1f0400949238a63d3e88243d2ada08cd9c2a71985ced9f0cfd5e66354cf90,Will USA win the 2026 FIFA World Cup?,1783040251,2026-07-03T00:57:31+00:00,2026-07-03,BUY,No,0.974,30.0,0xbadafa8ad1dc568e612d972b386f54a9b695873246c6044f7d5669d5258322b7
0xcdb1f0400949238a63d3e88243d2ada08cd9c2a71985ced9f0cfd5e66354cf90,Will USA win the 2026 FIFA World Cup?,1783040017,2026-07-03T00:53:37+00:00,2026-07-03,SELL,Yes,0.026,47.91,0xb3c9e8a157951625cd837f6f46f9e366cf29ea5a88768982952f74c063e1b499
0xcdb1f0400949238a63d3e88243d2ada08cd9c2a71985ced9f0cfd5e66354cf90,Will USA win the 2026 FIFA World Cup?,1783039759,2026-07-03T00:49:19+00:00,2026-07-03,SELL,Yes,0.026,8465.0,0x301fd3316dd31f6dad3c9e1aa3379bd5635b7257e7eb8b1e1d67fbcd388ddad0
0xcdb1f0400949238a63d3e88243d2ada08cd9c2a71985ced9f0cfd5e66354cf90,Will USA win the 2026 FIFA World Cup?,1783039558,2026-07-03T00:45:58+00:00,2026-07-03,BUY,Yes,0.027,37.037,0x8904671078ffc2c8edbec0f9da46a822ed1264fb915c741c397a989bd79734dc
0xcdb1f0400949238a63d3e88243d2ada08cd9c2a71985ced9f0cfd5e66354cf90,Will USA win the 2026 FIFA World Cup?,1783039463,2026-07-03T00:44:23+00:00,2026-07-03,BUY,Yes,0.027,74.0741,0x73ea72edd90a2cac3d05fa621375422e4490447bf891504142a9114ace790946
0xcdb1f0400949238a63d3e88243d2ada08cd9c2a71985ced9f0cfd5e66354cf90,Will USA win the 2026 FIFA World Cup?,1783039319,2026-07-03T00:41:59+00:00,2026-07-03,SELL,Yes,0.026,303.03,0x85671dd047d39e207adb8484d4f3aa189c386f37885637d98045695ccdf462e2
0xcdb1f0400949238a63d3e88243d2ada08cd9c2a71985ced9f0cfd5e66354cf90,Will USA win the 2026 FIFA World Cup?,1783039163,2026-07-03T00:39:23+00:00,2026-07-03,SELL,Yes,0.026,124.0,0xa18786efc0fd764918d0d78504200185c3edf9198535846b4862cb7a84d8d3a5
0xcdb1f0400949238a63d3e88243d2ada08cd9c2a71985ced9f0cfd5e66354cf90,Will USA win the 2026 FIFA World Cup?,1783039004,2026-07-03T00:36:44+00:00,2026-07-03,SELL,Yes,0.026,75.14,0xea925d1e1e45699a593c848ac68f3b729101248bd8a37f0782dd88ff04c0aace
0xcdb1f0400949238a63d3e88243d2ada08cd9c2a71985ced9f0cfd5e66354cf90,Will USA win the 2026 FIFA World Cup?,1783038893,2026-07-03T00:34:53+00:00,2026-07-03,SELL,No,0.973,19.13,0xd097b24cac458c917dbc07f1524ccd127e3019db56248344ccf79144bc38d0d8
0xcdb1f0400949238a63d3e88243d2ada08cd9c2a71985ced9f0cfd5e66354cf90,Will USA win the 2026 FIFA World Cup?,1783038881,2026-07-03T00:34:41+00:00,2026-07-03,SELL,Yes,0.026,559.89,0xc7811bce533d7cf78827586176ce98b1b924cb6961c282e87c7bebfaeb2525e9
0xcdb1f0400949238a63d3e88243d2ada08cd9c2a71985ced9f0cfd5e66354cf90,Will USA win the 2026 FIFA World Cup?,1783038869,2026-07-03T00:34:29+00:00,2026-07-03,BUY,No,0.974,19.13,0x562df01050d71cad18abdc1c9fe951d0c2a15dc56c65ef40a0cc37212f6d893a
0xcdb1f0400949238a63d3e88243d2ada08cd9c2a71985ced9f0cfd5e66354cf90,Will USA win the 2026 FIFA World Cup?,1783038782,2026-07-03T00:33:02+00:00,2026-07-03,BUY,Yes,0.027,185.1852,0xf53107b3c1b9914d52389da83415ed561c1d6ee6ffd5bf243949af08a7e7116a
0xcdb1f0400949238a63d3e88243d2ada08cd9c2a71985ced9f0cfd5e66354cf90,Will USA win the 2026 FIFA World Cup?,1783038661,2026-07-03T00:31:01+00:00,2026-07-03,BUY,No,0.974,41.9404,0x355e7e224027378fcb83b399061f7ca4774e77268644b8c9139d84107493c6fb
0xcdb1f0400949238a63d3e88243d2ada08cd9c2a71985ced9f0cfd5e66354cf90,Will USA win the 2026 FIFA World Cup?,1783038568,2026-07-03T00:29:28+00:00,2026-07-03,BUY,Yes,0.027,185.1852,0x82add967e20e9f63c506f1b33b86e1ceb31b474327a128dea87b67a76ffae756
0xcdb1f0400949238a63d3e88243d2ada08cd9c2a71985ced9f0cfd5e66354cf90,Will USA win the 2026 FIFA World Cup?,1783038415,2026-07-03T00:26:55+00:00,2026-07-03,SELL,Yes,0.026,5.11,0xb2f6d0b6ae02e1d7be5f7dcf8998fa01e2f5c438b22659d070afdf465460a164
0xcdb1f0400949238a63d3e88243d2ada08cd9c2a71985ced9f0cfd5e66354cf90,Will USA win the 2026 FIFA World Cup?,1783038362,2026-07-03T00:26:02+00:00,2026-07-03,SELL,Yes,0.026,108.13,0xf664584a270a3677ddb556e299ba83d5ff479b7ce99666d1a3345a8f990da666
0xcdb1f0400949238a63d3e88243d2ada08cd9c2a71985ced9f0cfd5e66354cf90,Will USA win the 2026 FIFA World Cup?,1783038215,2026-07-03T00:23:35+00:00,2026-07-03,SELL,Yes,0.026,470.19,0xa1f9a10429998533e55ad7c0f089cb7102d196113db6be6436b2458a117c1907
0xcdb1f0400949238a63d3e88243d2ada08cd9c2a71985ced9f0cfd5e66354cf90,Will USA win the 2026 FIFA World Cup?,1783038145,2026-07-03T00:22:25+00:00,2026-07-03,BUY,Yes,0.027,74.0741,0x6027eab55e7619b6c34aae2b9cd90ad1db0ddcefff24c03cab81a0cb37acb3f3
0xcdb1f0400949238a63d3e88243d2ada08cd9c2a71985ced9f0cfd5e66354cf90,Will USA win the 2026 FIFA World Cup?,1783038139,2026-07-03T00:22:19+00:00,2026-07-03,SELL,Yes,0.026,303.03,0xa21c2f2fd66195ba15eba72c19f521b2bfef72227f8ec0ec18f1c929e42bac7e
0xcdb1f0400949238a63d3e88243d2ada08cd9c2a71985ced9f0cfd5e66354cf90,Will USA win the 2026 FIFA World Cup?,1783038023,2026-07-03T00:20:23+00:00,2026-07-03,BUY,Yes,0.027,185.1852,0x957dd48f95099d4084e021f74ed5a6c9bf4a68c90820e9a4b9daca1d19641a95
0xcdb1f0400949238a63d3e88243d2ada08cd9c2a71985ced9f0cfd5e66354cf90,Will USA win the 2026 FIFA World Cup?,1783037972,2026-07-03T00:19:32+00:00,2026-07-03,SELL,Yes,0.026,818.0,0x3d1f14e7fa9d455bb98de68d48d3d66e15f4f0f7194177559e19c3bbcf08038a
0xcdb1f0400949238a63d3e88243d2ada08cd9c2a71985ced9f0cfd5e66354cf90,Will USA win the 2026 FIFA World Cup?,1783037615,2026-07-03T00:13:35+00:00,2026-07-03,BUY,Yes,0.027,370.3704,0xe98a2ded30d333cc199420e4376bad46d85aae762556b4dd0bbaae3a118c8b28
0xcdb1f0400949238a63d3e88243d2ada08cd9c2a71985ced9f0cfd5e66354cf90,Will USA win the 2026 FIFA World Cup?,1783037582,2026-07-03T00:13:02+00:00,2026-07-03,BUY,No,0.974,49.8357,0x4efcd6e63776e48d887d3e21edd19c656b805489aa5d0446dad0c46bed95fbe6
0xcdb1f0400949238a63d3e88243d2ada08cd9c2a71985ced9f0cfd5e66354cf90,Will USA win the 2026 FIFA World Cup?,1783037581,2026-07-03T00:13:01+00:00,2026-07-03,SELL,Yes,0.026,333.33,0x2baf6a3c613cc52a7dee553a196ddac9941cac165304b6ea12c4507869c45594
0xcdb1f0400949238a63d3e88243d2ada08cd9c2a71985ced9f0cfd5e66354cf90,Will USA win the 2026 FIFA World Cup?,1783037374,2026-07-03T00:09:34+00:00,2026-07-03,SELL,Yes,0.026,25.0,0x3d7588b0a8e5fa33e4f2079a21ca7cdbcc19e200d2f80c29d51c77d72dbe0727
0xcdb1f0400949238a63d3e88243d2ada08cd9c2a71985ced9f0cfd5e66354cf90,Will USA win the 2026 FIFA World Cup?,1783037303,2026-07-03T00:08:23+00:00,2026-07-03,SELL,Yes,0.026,828.75,0x1d28f4313b494adb012d045e3c832c091c9058f56e22e6ec738e40687b9fb017
0xcdb1f0400949238a63d3e88243d2ada08cd9c2a71985ced9f0cfd5e66354cf90,Will USA win the 2026 FIFA World Cup?,1783036886,2026-07-03T00:01:26+00:00,2026-07-03,BUY,Yes,0.027,3580.7407,0xfb029371c64447a467b27cc86278245d7f76ad23929d988a171558c271e44e58
0xcdb1f0400949238a63d3e88243d2ada08cd9c2a71985ced9f0cfd5e66354cf90,Will USA win the 2026 FIFA World Cup?,1783036789,2026-07-02T23:59:49+00:00,2026-07-02,SELL,Yes,0.026,129.99,0x5a1577cd6e6e88b618ea71ee26baf5eeb41ae363cdc00cf243dc1e4d1a38cce6
0xcdb1f0400949238a63d3e88243d2ada08cd9c2a71985ced9f0cfd5e66354cf90,Will USA win the 2026 FIFA World Cup?,1783036787,2026-07-02T23:59:47+00:00,2026-07-02,BUY,No,0.974,50.0,0x9b572e9510acc44f886a00da772ef939d2b2dc372a2038364d6f50140030d6cd
0xcdb1f0400949238a63d3e88243d2ada08cd9c2a71985ced9f0cfd5e66354cf90,Will USA win the 2026 FIFA World Cup?,1783036183,2026-07-02T23:49:43+00:00,2026-07-02,SELL,Yes,0.026,134.72,0x486c47ce51318f9daaff87c6446a44913b00261d4a9a49901d4e3375180a36b7
0xcdb1f0400949238a63d3e88243d2ada08cd9c2a71985ced9f0cfd5e66354cf90,Will USA win the 2026 FIFA World Cup?,1783035794,2026-07-02T23:43:14+00:00,2026-07-02,SELL,Yes,0.026,980.23,0x889c176460c6c56f7f29123839503e48c7a56adc9735bc13d6ae689474db1501
0xcdb1f0400949238a63d3e88243d2ada08cd9c2a71985ced9f0cfd5e66354cf90,Will USA win the 2026 FIFA World Cup?,1783034906,2026-07-02T23:28:26+00:00,2026-07-02,BUY,No,0.974,54.9897,0x396ee2bb3d0601dd183265bde9710cab224480a4149eaa75ec58acc0bc2a957e
0xcdb1f0400949238a63d3e88243d2ada08cd9c2a71985ced9f0cfd5e66354cf90,Will USA win the 2026 FIFA World Cup?,1783034708,2026-07-02T23:25:08+00:00,2026-07-02,BUY,No,0.974,51.86,0x4a33a5ac9c9c9a2ee973790b3d4967e7ad41fbea9e965f439cb0f2e3b9be9787
0xcdb1f0400949238a63d3e88243d2ada08cd9c2a71985ced9f0cfd5e66354cf90,Will USA win the 2026 FIFA World Cup?,1783034704,2026-07-02T23:25:04+00:00,2026-07-02,BUY,No,0.974,50.3,0x93ef88f051d610cbbd232e2e335c442aebafacb2b945bbff61fd4f077cf0c78d
0xcdb1f0400949238a63d3e88243d2ada08cd9c2a71985ced9f0cfd5e66354cf90,Will USA win the 2026 FIFA World Cup?,1783034704,2026-07-02T23:25:04+00:00,2026-07-02,BUY,No,0.974,25.2,0x95de5f06e5eeb144cb2c5b55d5e078ac0411ebfb7975fca6cb1c6d2ab66338b7
0xcdb1f0400949238a63d3e88243d2ada08cd9c2a71985ced9f0cfd5e66354cf90,Will USA win the 2026 FIFA World Cup?,1783034702,2026-07-02T23:25:02+00:00,2026-07-02,BUY,No,0.974,2.95,0xeee0cff224ce01c5aabf8784693d0a6fae2e9752417184dc2537370ce937ad0a
0xcdb1f0400949238a63d3e88243d2ada08cd9c2a71985ced9f0cfd5e66354cf90,Will USA win the 2026 FIFA World Cup?,1783034681,2026-07-02T23:24:41+00:00,2026-07-02,SELL,Yes,0.026,1373.66,0xb2ad19135aa2933f59b80ca44d3eaaf745c9dd98fcc7e5ec4801ac76942bca9d
0xcdb1f0400949238a63d3e88243d2ada08cd9c2a71985ced9f0cfd5e66354cf90,Will USA win the 2026 FIFA World Cup?,1783034666,2026-07-02T23:24:26+00:00,2026-07-02,BUY,No,0.974,2.99,0xddc9a4537c36158fe0f1841d6bd47e5b9ef3e22bd4158a23e23a21a5edea1cac
0xcdb1f0400949238a63d3e88243d2ada08cd9c2a71985ced9f0cfd5e66354cf90,Will USA win the 2026 FIFA World Cup?,1783034666,2026-07-02T23:24:26+00:00,2026-07-02,BUY,No,0.974,24.6,0xcb5425662ee3f5c71c7cc294e92362f42b8f25beb11d5b80063145607c5d25af
0xcdb1f0400949238a63d3e88243d2ada08cd9c2a71985ced9f0cfd5e66354cf90,Will USA win the 2026 FIFA World Cup?,1783034665,2026-07-02T23:24:25+00:00,2026-07-02,BUY,No,0.974,49.2,0x276374136a024fcd5f6fd1fe7ee3f6a7d4aef145c81a2cfdf11525137ca5e1ae
0xcdb1f0400949238a63d3e88243d2ada08cd9c2a71985ced9f0cfd5e66354cf90,Will USA win the 2026 FIFA World Cup?,1783034662,2026-07-02T23:24:22+00:00,2026-07-02,BUY,No,0.974,55.02,0xaad7140770c22a61121bd38fedff674b96c98a753351ad9eba45db8fd9c03e38
0xcdb1f0400949238a63d3e88243d2ada08cd9c2a71985ced9f0cfd5e66354cf90,Will USA win the 2026 FIFA World Cup?,1783034656,2026-07-02T23:24:16+00:00,2026-07-02,BUY,No,0.974,10.0,0x34060342451fb9eb6b440130b873f994bbe15fb99f431ddd3425f0e2209580d9
0xcdb1f0400949238a63d3e88243d2ada08cd9c2a71985ced9f0cfd5e66354cf90,Will USA win the 2026 FIFA World Cup?,1783034656,2026-07-02T23:24:16+00:00,2026-07-02,BUY,No,0.974,3.15,0x3eb7f33ca37e72333fec372e38687e08303c80ed4211cfb130c8330d42017b5b
0xcdb1f0400949238a63d3e88243d2ada08cd9c2a71985ced9f0cfd5e66354cf90,Will USA win the 2026 FIFA World Cup?,1783034653,2026-07-02T23:24:13+00:00,2026-07-02,BUY,No,0.974,90.0,0x29296f8347424a386248112da584e13e7763c743146b9c6b380d3ada8699c890
0xcdb1f0400949238a63d3e88243d2ada08cd9c2a71985ced9f0cfd5e66354cf90,Will USA win the 2026 FIFA World Cup?,1783034651,2026-07-02T23:24:11+00:00,2026-07-02,BUY,No,0.974,110.0,0x1fc91f2d97d970f75b01fc7d118b48ef60a326f3e68f5e20ee6e2f8631ab0615
0xcdb1f0400949238a63d3e88243d2ada08cd9c2a71985ced9f0cfd5e66354cf90,Will USA win the 2026 FIFA World Cup?,1783034651,2026-07-02T23:24:11+00:00,2026-07-02,BUY,No,0.974,24.9,0xcf49d94ee78e742a761e496b7ba47d35ac14c1526013bb73efd60ef2b897c327
0xcdb1f0400949238a63d3e88243d2ada08cd9c2a71985ced9f0cfd5e66354cf90,Will USA win the 2026 FIFA World Cup?,1783034651,2026-07-02T23:24:11+00:00,2026-07-02,BUY,No,0.974,110.0,0x1e4a4194f2396a2f3a1c1522edc14c989d60a4b8e475b89f40b882ebadb83018
0xcdb1f0400949238a63d3e88243d2ada08cd9c2a71985ced9f0cfd5e66354cf90,Will USA win the 2026 FIFA World Cup?,1783034650,2026-07-02T23:24:10+00:00,2026-07-02,BUY,No,0.974,110.0,0x4e7107f96d9c8d7821641d3f2aff20bb07fced9d61b83673243c1a531b28cb1a
0xcdb1f0400949238a63d3e88243d2ada08cd9c2a71985ced9f0cfd5e66354cf90,Will USA win the 2026 FIFA World Cup?,1783034650,2026-07-02T23:24:10+00:00,2026-07-02,BUY,No,0.974,49.8,0x16f17f962598e62981d1fb6349384315f482b0379fb34b71daeab9371d5bdfa7
0xcdb1f0400949238a63d3e88243d2ada08cd9c2a71985ced9f0cfd5e66354cf90,Will USA win the 2026 FIFA World Cup?,1783034650,2026-07-02T23:24:10+00:00,2026-07-02,BUY,No,0.974,110.0,0x010850812dc29357bf8c139d342809de11ed222d9048378b454bac1dea9ac118
0xcdb1f0400949238a63d3e88243d2ada08cd9c2a71985ced9f0cfd5e66354cf90,Will USA win the 2026 FIFA World Cup?,1783034650,2026-07-02T23:24:10+00:00,2026-07-02,BUY,No,0.974,58.02,0x682a8851ccfa632bd11db27b8e81d3c9d3fee559cb8bb117770ef4e3f7fa2b52
0xcdb1f0400949238a63d3e88243d2ada08cd9c2a71985ced9f0cfd5e66354cf90,Will USA win the 2026 FIFA World Cup?,1783034638,2026-07-02T23:23:58+00:00,2026-07-02,BUY,No,0.974,73.6,0xc52f4a707da8d31dd35a45eaec20b339c5f3748f9fe80fd1427188e884c43ee9
0xcdb1f0400949238a63d3e88243d2ada08cd9c2a71985ced9f0cfd5e66354cf90,Will USA win the 2026 FIFA World Cup?,1783034638,2026-07-02T23:23:58+00:00,2026-07-02,BUY,No,0.974,107.0,0xda7f0d132463409645ce1bb7693e7f887b328bb7c5377b14d67768512afe3bf6
0xcdb1f0400949238a63d3e88243d2ada08cd9c2a71985ced9f0cfd5e66354cf90,Will USA win the 2026 FIFA World Cup?,1783034638,2026-07-02T23:23:58+00:00,2026-07-02,BUY,No,0.974,9.0,0x421302eed04d5ae764843bfccc53cbd16522b0f0e7da7bb54f6ac77d76d09f94
0xcdb1f0400949238a63d3e88243d2ada08cd9c2a71985ced9f0cfd5e66354cf90,Will USA win the 2026 FIFA World Cup?,1783034602,2026-07-02T23:23:22+00:00,2026-07-02,BUY,No,0.974,10.0,0x8118a76a396e1874a8b85406978f733bf52ff63889262ef236c8cd13a2f3d69f
0xcdb1f0400949238a63d3e88243d2ada08cd9c2a71985ced9f0cfd5e66354cf90,Will USA win the 2026 FIFA World Cup?,1783034600,2026-07-02T23:23:20+00:00,2026-07-02,BUY,No,0.974,15.0,0x78b27a0405b9e2a11479e676b0a167c95359027ba7b2ec5fa26bd0a099b2d57f
0xcdb1f0400949238a63d3e88243d2ada08cd9c2a71985ced9f0cfd5e66354cf90,Will USA win the 2026 FIFA World Cup?,1783034600,2026-07-02T23:23:20+00:00,2026-07-02,BUY,No,0.974,39.5483,0x7e509041fb76894e47948152ff300a0956b9c21e7dd81d69e11a342730237b8e
0xcdb1f0400949238a63d3e88243d2ada08cd9c2a71985ced9f0cfd5e66354cf90,Will USA win the 2026 FIFA World Cup?,1783034567,2026-07-02T23:22:47+00:00,2026-07-02,SELL,No,0.973,1.54,0x80e777c7385f54aadb959e3edbfdb2c392505c31055b7b723412a078fdf25f58
0xcdb1f0400949238a63d3e88243d2ada08cd9c2a71985ced9f0cfd5e66354cf90,Will USA win the 2026 FIFA World Cup?,1783034563,2026-07-02T23:22:43+00:00,2026-07-02,SELL,Yes,0.026,4166.66,0xab2b7d8eea9452aa4f95913f50095e58bfed7d3f80557712b43138d9b8d78124
0xcdb1f0400949238a63d3e88243d2ada08cd9c2a71985ced9f0cfd5e66354cf90,Will USA win the 2026 FIFA World Cup?,1783034458,2026-07-02T23:20:58+00:00,2026-07-02,SELL,Yes,0.026,103.44,0xc30e5554c4158143c0eccb78ac4445e2876b158fa12209b06a896be8fe1bdc25
0xcdb1f0400949238a63d3e88243d2ada08cd9c2a71985ced9f0cfd5e66354cf90,Will USA win the 2026 FIFA World Cup?,1783034446,2026-07-02T23:20:46+00:00,2026-07-02,BUY,No,0.974,20.0,0x61d9f33cf9953f5864ca5ca60a991e172914bfeeff5e079729552f92126ec21f
0xcdb1f0400949238a63d3e88243d2ada08cd9c2a71985ced9f0cfd5e66354cf90,Will USA win the 2026 FIFA World Cup?,1783034440,2026-07-02T23:20:40+00:00,2026-07-02,BUY,Yes,0.027,185.1852,0x24ae00fb741cdfa547e72e676e168d03d35bd9190c3dbcb80ca4a525c4aa256b
0xcdb1f0400949238a63d3e88243d2ada08cd9c2a71985ced9f0cfd5e66354cf90,Will USA win the 2026 FIFA World Cup?,1783034438,2026-07-02T23:20:38+00:00,2026-07-02,BUY,No,0.974,47.0842,0xdbb3d92759a553657bcc825240cef8a43d2c6b41e1e133948a5f72b2ed713f61
0xcdb1f0400949238a63d3e88243d2ada08cd9c2a71985ced9f0cfd5e66354cf90,Will USA win the 2026 FIFA World Cup?,1783034426,2026-07-02T23:20:26+00:00,2026-07-02,BUY,No,0.974,10.0,0xb71b145696081ae7eb791a8ebab5b8479ec25335f4340251ed0cbd51b965e42c
0xcdb1f0400949238a63d3e88243d2ada08cd9c2a71985ced9f0cfd5e66354cf90,Will USA win the 2026 FIFA World Cup?,1783034426,2026-07-02T23:20:26+00:00,2026-07-02,BUY,No,0.974,18.0,0xf3049091f1bd45c2937d09a631e1433b23817a85cb37ae1c600c7319c9d29356
0xcdb1f0400949238a63d3e88243d2ada08cd9c2a71985ced9f0cfd5e66354cf90,Will USA win the 2026 FIFA World Cup?,1783034339,2026-07-02T23:18:59+00:00,2026-07-02,BUY,Yes,0.027,295.5556,0x9adb94b3c8de4e1e27765c2686ddca518a635e9fb0b4291e597f7accb02d0b4b
0xcdb1f0400949238a63d3e88243d2ada08cd9c2a71985ced9f0cfd5e66354cf90,Will USA win the 2026 FIFA World Cup?,1783034221,2026-07-02T23:17:01+00:00,2026-07-02,BUY,No,0.974,40.0,0x5bcdfe000a2600da0c242b75709ea3551bc7c30fb37daeeb6c36cf7511fe0b45
0xcdb1f0400949238a63d3e88243d2ada08cd9c2a71985ced9f0cfd5e66354cf90,Will USA win the 2026 FIFA World Cup?,1783034219,2026-07-02T23:16:59+00:00,2026-07-02,BUY,No,0.974,5.0,0x2921aeefca06f30a7da2cbdc03f91ba29d8580544e6bb7a519fb15f35321883f
0xcdb1f0400949238a63d3e88243d2ada08cd9c2a71985ced9f0cfd5e66354cf90,Will USA win the 2026 FIFA World Cup?,1783034218,2026-07-02T23:16:58+00:00,2026-07-02,BUY,No,0.974,10.0,0x822dade1905d152ffa20e1e13d4be311978191d7567cfb346fd8cbe6a5bd605b
0xcdb1f0400949238a63d3e88243d2ada08cd9c2a71985ced9f0cfd5e66354cf90,Will USA win the 2026 FIFA World Cup?,1783034218,2026-07-02T23:16:58+00:00,2026-07-02,BUY,No,0.974,20.0,0x00d7b0f3879c2652d0df31ee9b3a42736d18171a03a5ff5b99a08e411f040b7f
0xcdb1f0400949238a63d3e88243d2ada08cd9c2a71985ced9f0cfd5e66354cf90,Will USA win the 2026 FIFA World Cup?,1783034216,2026-07-02T23:16:56+00:00,2026-07-02,BUY,No,0.974,25.3,0x58bd65bd4d7e188a824146d6dd52e50709f57fc10ff6dd386dbc0397f7bb6828
0xcdb1f0400949238a63d3e88243d2ada08cd9c2a71985ced9f0cfd5e66354cf90,Will USA win the 2026 FIFA World Cup?,1783034216,2026-07-02T23:16:56+00:00,2026-07-02,BUY,No,0.974,60.0,0x00b937b8ec056027f29df2042d64665aa3983d3fc8ad136b90f8807bcf7140c7
0xcdb1f0400949238a63d3e88243d2ada08cd9c2a71985ced9f0cfd5e66354cf90,Will USA win the 2026 FIFA World Cup?,1783034213,2026-07-02T23:16:53+00:00,2026-07-02,BUY,No,0.974,50.7,0xf4d4366453d527e8a068e4eb1b6147ee5d8946368736917d36c2dc412b71d0f8
0xcdb1f0400949238a63d3e88243d2ada08cd9c2a71985ced9f0cfd5e66354cf90,Will USA win the 2026 FIFA World Cup?,1783034213,2026-07-02T23:16:53+00:00,2026-07-02,BUY,No,0.974,5.0,0x902d54f51bd5acbf5294d263cc9da119f9d8bc3e231e16bb8c1f89f904b56e12
0xcdb1f0400949238a63d3e88243d2ada08cd9c2a71985ced9f0cfd5e66354cf90,Will USA win the 2026 FIFA World Cup?,1783034213,2026-07-02T23:16:53+00:00,2026-07-02,BUY,No,0.974,5.0,0x7cf9b21747c68586f64876ffd9d6d40557631f014e59a1fa6eada847131e13be
0xcdb1f0400949238a63d3e88243d2ada08cd9c2a71985ced9f0cfd5e66354cf90,Will USA win the 2026 FIFA World Cup?,1783034212,2026-07-02T23:16:52+00:00,2026-07-02,BUY,No,0.974,10.0,0x1b7d73f3e1536eecd2422fc86e067ec01fb4d5d20996ec83926f60fcf019e354
0xcdb1f0400949238a63d3e88243d2ada08cd9c2a71985ced9f0cfd5e66354cf90,Will USA win the 2026 FIFA World Cup?,1783034198,2026-07-02T23:16:38+00:00,2026-07-02,BUY,No,0.974,86.0,0x9c4b44c5219b89f8d6ae0a1852b4f1b2e9fdb130e5d2f02d9606639d569bb18d
0xcdb1f0400949238a63d3e88243d2ada08cd9c2a71985ced9f0cfd5e66354cf90,Will USA win the 2026 FIFA World Cup?,1783034198,2026-07-02T23:16:38+00:00,2026-07-02,BUY,No,0.974,100.0,0x32f05016f1c13e8f6fc503b069e2eb773553f0eece2e8e40cfa7c5d102887ef6
0xcdb1f0400949238a63d3e88243d2ada08cd9c2a71985ced9f0cfd5e66354cf90,Will USA win the 2026 FIFA World Cup?,1783034197,2026-07-02T23:16:37+00:00,2026-07-02,BUY,No,0.974,80.0,0xe7ecdfe4a6c20fccf42be250a0e66b1e902609af8d0d20f09477284a311b6d32
0xcdb1f0400949238a63d3e88243d2ada08cd9c2a71985ced9f0cfd5e66354cf90,Will USA win the 2026 FIFA World Cup?,1783034197,2026-07-02T23:16:37+00:00,2026-07-02,BUY,No,0.974,73.6,0x28b526aed0224053b8bc890e6532330b525e7487f711149b3d5fb700cc0ddd21
0xcdb1f0400949238a63d3e88243d2ada08cd9c2a71985ced9f0cfd5e66354cf90,Will USA win the 2026 FIFA World Cup?,1783034191,2026-07-02T23:16:31+00:00,2026-07-02,BUY,No,0.974,80.0,0x06a654e0fcb5c0b14c6dbb222b5cad69cfcbd4f5c338ede7b16b97e5679d2764
0xcdb1f0400949238a63d3e88243d2ada08cd9c2a71985ced9f0cfd5e66354cf90,Will USA win the 2026 FIFA World Cup?,1783034177,2026-07-02T23:16:17+00:00,2026-07-02,BUY,No,0.974,10.0,0xd10236e427b7368da9236fa2aaaf60c0ae8707ad47c316fb14ae6fcbb59df0cd
0xcdb1f0400949238a63d3e88243d2ada08cd9c2a71985ced9f0cfd5e66354cf90,Will USA win the 2026 FIFA World Cup?,1783034126,2026-07-02T23:15:26+00:00,2026-07-02,BUY,No,0.974,42.8131,0xf55127d9731a1ec3ad1fda2e06577f5c24f4abda40d04349364d180034a6e3bd
0xcdb1f0400949238a63d3e88243d2ada08cd9c2a71985ced9f0cfd5e66354cf90,Will USA win the 2026 FIFA World Cup?,1783034042,2026-07-02T23:14:02+00:00,2026-07-02,SELL,No,0.973,10.66,0xefd5a68fa97197c76717e358e18341ca11e7eaeea5d16c650604d909b263e685
0xcdb1f0400949238a63d3e88243d2ada08cd9c2a71985ced9f0cfd5e66354cf90,Will USA win the 2026 FIFA World Cup?,1783034035,2026-07-02T23:13:55+00:00,2026-07-02,SELL,Yes,0.026,71.85,0xbfa319f21b41cd9d5a3d9ac23bff573fd60802bec69deb5918d74f5432346679
0xcdb1f0400949238a63d3e88243d2ada08cd9c2a71985ced9f0cfd5e66354cf90,Will USA win the 2026 FIFA World Cup?,1783034021,2026-07-02T23:13:41+00:00,2026-07-02,BUY,No,0.974,10.66,0xc10b4969c0904af511a907ebed2161442b433f729cbd2d276f195cb897b0f6ba
0xcdb1f0400949238a63d3e88243d2ada08cd9c2a71985ced9f0cfd5e66354cf90,Will USA win the 2026 FIFA World Cup?,1783033993,2026-07-02T23:13:13+00:00,2026-07-02,BUY,Yes,0.027,71.8518,0x3f4211c273057d923db77eb4aae3cec94e2b2d788bef006dd74a9d8ef27c4ed3
0xcdb1f0400949238a63d3e88243d2ada08cd9c2a71985ced9f0cfd5e66354cf90,Will USA win the 2026 FIFA World Cup?,1783033975,2026-07-02T23:12:55+00:00,2026-07-02,BUY,No,0.974,1.1,0xd3ef63b904e17e23d0250f4cda215ba1fa08e01dfc916c9a6d311275f9e891fb
0xcdb1f0400949238a63d3e88243d2ada08cd9c2a71985ced9f0cfd5e66354cf90,Will USA win the 2026 FIFA World Cup?,1783033969,2026-07-02T23:12:49+00:00,2026-07-02,BUY,No,0.974,32.4,0xb369d4ebdea25b0d2aa2460d7a1c6238baaebf3a1ef629bda28492ffdd03644d
0xcdb1f0400949238a63d3e88243d2ada08cd9c2a71985ced9f0cfd5e66354cf90,Will USA win the 2026 FIFA World Cup?,1783033964,2026-07-02T23:12:44+00:00,2026-07-02,BUY,No,0.974,110.0,0xd6ab06461593c215dbe1018e1ebc14a1a3d47a5bf88e041b25834d08ff0f94ac
0xcdb1f0400949238a63d3e88243d2ada08cd9c2a71985ced9f0cfd5e66354cf90,Will USA win the 2026 FIFA World Cup?,1783033963,2026-07-02T23:12:43+00:00,2026-07-02,BUY,No,0.974,5.0,0xc810a7a459209c78825cc86f35ba4ee62d376ce23f4a6474e65c499b51aef008
0xcdb1f0400949238a63d3e88243d2ada08cd9c2a71985ced9f0cfd5e66354cf90,Will USA win the 2026 FIFA World Cup?,1783033960,2026-07-02T23:12:40+00:00,2026-07-02,BUY,No,0.974,22.8,0x93029d0194ae03acfa0dab78ee192933c63a54ae52ac2f89938068f5e38a9192
0xcdb1f0400949238a63d3e88243d2ada08cd9c2a71985ced9f0cfd5e66354cf90,Will USA win the 2026 FIFA World Cup?,1783033960,2026-07-02T23:12:40+00:00,2026-07-02,BUY,No,0.974,40.0,0x99d13d107fecbe25edf2e14bcf47db932c5a155edb7ae4e21a0a8442f2fe230d
0xcdb1f0400949238a63d3e88243d2ada08cd9c2a71985ced9f0cfd5e66354cf90,Will USA win the 2026 FIFA World Cup?,1783033960,2026-07-02T23:12:40+00:00,2026-07-02,BUY,No,0.974,30.0,0x11ce7799e600ea46c5a37d93276590e39b66f47139bbd580cb4eb2357e4d6ad1
0xcdb1f0400949238a63d3e88243d2ada08cd9c2a71985ced9f0cfd5e66354cf90,Will USA win the 2026 FIFA World Cup?,1783033960,2026-07-02T23:12:40+00:00,2026-07-02,BUY,No,0.974,45.6,0x9e0fbe2312dc6a4b74f332cf6a4180dfd3519da6071b5c3bc8c4a6951f08b494
0xcdb1f0400949238a63d3e88243d2ada08cd9c2a71985ced9f0cfd5e66354cf90,Will USA win the 2026 FIFA World Cup?,1783033958,2026-07-02T23:12:38+00:00,2026-07-02,BUY,No,0.974,90.0,0x5ebea6fc47dfa1288a9301a0e126efb34d3c782229b6c54506971b4ac8a6be68
0xcdb1f0400949238a63d3e88243d2ada08cd9c2a71985ced9f0cfd5e66354cf90,Will USA win the 2026 FIFA World Cup?,1783033949,2026-07-02T23:12:29+00:00,2026-07-02,SELL,No,0.973,25.67,0x1fc1d3fa7e56ea1022250af5b8e994abfe2055d3425d13f5acc210ab1d770778
0xcdb1f0400949238a63d3e88243d2ada08cd9c2a71985ced9f0cfd5e66354cf90,Will USA win the 2026 FIFA World Cup?,1783033934,2026-07-02T23:12:14+00:00,2026-07-02,BUY,No,0.974,116.0,0x7d44ac4583a0a0bf205b69b536244cef0b7274a7629d6954d3f86740c2f0f6e9
0xcdb1f0400949238a63d3e88243d2ada08cd9c2a71985ced9f0cfd5e66354cf90,Will USA win the 2026 FIFA World Cup?,1783033934,2026-07-02T23:12:14+00:00,2026-07-02,BUY,No,0.974,8.4,0xeff4ab5fe9da8126f7deb4b48600dff683e7d3579aec5bba37919959d24bf116
0xcdb1f0400949238a63d3e88243d2ada08cd9c2a71985ced9f0cfd5e66354cf90,Will USA win the 2026 FIFA World Cup?,1783033934,2026-07-02T23:12:14+00:00,2026-07-02,BUY,No,0.974,40.0,0xf3871509869ac403a598c3f86226c495f160c14cdf20d60283eac3cedb9fbbe9
0xcdb1f0400949238a63d3e88243d2ada08cd9c2a71985ced9f0cfd5e66354cf90,Will USA win the 2026 FIFA World Cup?,1783033933,2026-07-02T23:12:13+00:00,2026-07-02,BUY,No,0.974,73.6,0x10a1ceabf0dc76fc50ef3779974db4234a47ff3d79758c7473b7f2bb0aa0f0ab
0xcdb1f0400949238a63d3e88243d2ada08cd9c2a71985ced9f0cfd5e66354cf90,Will USA win the 2026 FIFA World Cup?,1783033933,2026-07-02T23:12:13+00:00,2026-07-02,BUY,No,0.974,100.0,0xbb0de7a91f69d4c9f754105a48d88d3003f69c94d882103bdecd4b35ebc9030e
0xcdb1f0400949238a63d3e88243d2ada08cd9c2a71985ced9f0cfd5e66354cf90,Will USA win the 2026 FIFA World Cup?,1783033931,2026-07-02T23:12:11+00:00,2026-07-02,BUY,No,0.974,10.0,0x0259b048b3bf8bf1d64d96285e81412bc27d258ead15d2bc0e6842f024b04ff9
0xcdb1f0400949238a63d3e88243d2ada08cd9c2a71985ced9f0cfd5e66354cf90,Will USA win the 2026 FIFA World Cup?,1783033931,2026-07-02T23:12:11+00:00,2026-07-02,BUY,No,0.974,15.0,0xe2d6eb0bda809ae76d39ae3895e8f62c89fcb943a26ad6cdb0d4c3308972c1b2
0xcdb1f0400949238a63d3e88243d2ada08cd9c2a71985ced9f0cfd5e66354cf90,Will USA win the 2026 FIFA World Cup?,1783033921,2026-07-02T23:12:01+00:00,2026-07-02,BUY,No,0.974,25.6673,0x6b99093b5b9d0283be7faf8b31ae54c64119720f9a9441eb10a7a3a5f1c27ed3
0xcdb1f0400949238a63d3e88243d2ada08cd9c2a71985ced9f0cfd5e66354cf90,Will USA win the 2026 FIFA World Cup?,1783033910,2026-07-02T23:11:50+00:00,2026-07-02,BUY,No,0.974,5.0,0x7700e408b9eea15803dc64049d80e2ba11d77aeec288858dae74f3e9edadff78
0xcdb1f0400949238a63d3e88243d2ada08cd9c2a71985ced9f0cfd5e66354cf90,Will USA win the 2026 FIFA World Cup?,1783033909,2026-07-02T23:11:49+00:00,2026-07-02,BUY,No,0.974,115.0,0x197dc4b3a6987df5bacdc1fcc0ccd2e2b1e52c50dbfc096c9a3fa87d56811a4b
0xcdb1f0400949238a63d3e88243d2ada08cd9c2a71985ced9f0cfd5e66354cf90,Will USA win the 2026 FIFA World Cup?,1783033909,2026-07-02T23:11:49+00:00,2026-07-02,BUY,No,0.974,115.0,0xfcae35be0d03c9eada7fba26146571daad82bc2e8171ca92725c4f1234fe2aa0
0xcdb1f0400949238a63d3e88243d2ada08cd9c2a71985ced9f0cfd5e66354cf90,Will USA win the 2026 FIFA World Cup?,1783033909,2026-07-02T23:11:49+00:00,2026-07-02,BUY,No,0.974,73.6,0x4fb122e5c82206cee57170add1078a27888737156b0d77c7f2ffd583947be8b0
0xcdb1f0400949238a63d3e88243d2ada08cd9c2a71985ced9f0cfd5e66354cf90,Will USA win the 2026 FIFA World Cup?,1783033882,2026-07-02T23:11:22+00:00,2026-07-02,BUY,No,0.974,10.0,0x6cd9d3cfa750ac1ac65e602e0a483a0829da75b949ddf6c3b277de70ad690bfa
0xcdb1f0400949238a63d3e88243d2ada08cd9c2a71985ced9f0cfd5e66354cf90,Will USA win the 2026 FIFA World Cup?,1783033882,2026-07-02T23:11:22+00:00,2026-07-02,BUY,No,0.974,54.0,0x87a7455a561b269d5884f6be1499fd9952d293013d7a369a464044e6bd69c4e6
0xcdb1f0400949238a63d3e88243d2ada08cd9c2a71985ced9f0cfd5e66354cf90,Will USA win the 2026 FIFA World Cup?,1783033868,2026-07-02T23:11:08+00:00,2026-07-02,SELL,Yes,0.026,14000.0,0x90b9d7528a9cf2bd98c8493cd8533e4223b8ccfbe1b8693ec9aa69c82549436e
0xcdb1f0400949238a63d3e88243d2ada08cd9c2a71985ced9f0cfd5e66354cf90,Will USA win the 2026 FIFA World Cup?,1783033865,2026-07-02T23:11:05+00:00,2026-07-02,SELL,No,0.973,25.66,0xf295419626d642fd86bf0ae87f3eb3ffeb381a6966f16e6f7576119e3e48aed7
0xcdb1f0400949238a63d3e88243d2ada08cd9c2a71985ced9f0cfd5e66354cf90,Will USA win the 2026 FIFA World Cup?,1783033858,2026-07-02T23:10:58+00:00,2026-07-02,BUY,No,0.974,10.0,0x445101a82462726a19c7b16ad2943b13a878d14603c22653ed5956026a8c529c
0xcdb1f0400949238a63d3e88243d2ada08cd9c2a71985ced9f0cfd5e66354cf90,Will USA win the 2026 FIFA World Cup?,1783033856,2026-07-02T23:10:56+00:00,2026-07-02,BUY,No,0.974,28.0,0xfa8b75b03923883bbfbb559ac3bd627497e352047fe6eb36b4b2b0e0861b2c89
0xcdb1f0400949238a63d3e88243d2ada08cd9c2a71985ced9f0cfd5e66354cf90,Will USA win the 2026 FIFA World Cup?,1783033847,2026-07-02T23:10:47+00:00,2026-07-02,BUY,No,0.974,5.0,0xa720e14074ab62856d7a35eab4072b4bcb3cb2d33fe1776c792ca60a512e823a
0xcdb1f0400949238a63d3e88243d2ada08cd9c2a71985ced9f0cfd5e66354cf90,Will USA win the 2026 FIFA World Cup?,1783033846,2026-07-02T23:10:46+00:00,2026-07-02,BUY,No,0.974,115.0,0x1a869bc261f002973f50adbe7a0b1ff90609b87e9ae0c9eae32e3f52a049b848
0xcdb1f0400949238a63d3e88243d2ada08cd9c2a71985ced9f0cfd5e66354cf90,Will USA win the 2026 FIFA World Cup?,1783033844,2026-07-02T23:10:44+00:00,2026-07-02,BUY,No,0.974,37.4,0xf75b51ff89fc7f4b7fd9c05ce379892b735be6ee4142a531689632f43058b4f9
0xcdb1f0400949238a63d3e88243d2ada08cd9c2a71985ced9f0cfd5e66354cf90,Will USA win the 2026 FIFA World Cup?,1783033808,2026-07-02T23:10:08+00:00,2026-07-02,BUY,No,0.974,25.6673,0x465e4ee97857d16676c762c3f2d1bec1cc8cbc754a572e2689e8bb0a273261f8
0xcdb1f0400949238a63d3e88243d2ada08cd9c2a71985ced9f0cfd5e66354cf90,Will USA win the 2026 FIFA World Cup?,1783033703,2026-07-02T23:08:23+00:00,2026-07-02,BUY,No,0.974,15.0,0x9a22c8e6ed2b01e9d6fdba74b9f9fd8c94a975a262b1c3cf8385556fae92120f
0xcdb1f0400949238a63d3e88243d2ada08cd9c2a71985ced9f0cfd5e66354cf90,Will USA win the 2026 FIFA World Cup?,1783033703,2026-07-02T23:08:23+00:00,2026-07-02,BUY,No,0.974,39.0,0x1c6b74867ab4adc687d3776659c69b439fc18f00d7d04c526f5d4a582ebba0bf
0xcdb1f0400949238a63d3e88243d2ada08cd9c2a71985ced9f0cfd5e66354cf90,Will USA win the 2026 FIFA World Cup?,1783033700,2026-07-02T23:08:20+00:00,2026-07-02,BUY,No,0.974,116.0,0x4158a30178b4650ac2c683f5b28d8e03a403c4be07f00e5afc7aeda583d7bd45
0xcdb1f0400949238a63d3e88243d2ada08cd9c2a71985ced9f0cfd5e66354cf90,Will USA win the 2026 FIFA World Cup?,1783033700,2026-07-02T23:08:20+00:00,2026-07-02,BUY,No,0.974,62.0,0x9982bd25457983f3da2baee5dfd9695521c644882d9e601784713b3895ffe79a
0xcdb1f0400949238a63d3e88243d2ada08cd9c2a71985ced9f0cfd5e66354cf90,Will USA win the 2026 FIFA World Cup?,1783033699,2026-07-02T23:08:19+00:00,2026-07-02,BUY,No,0.974,110.0,0xa5ed34496fb21ba355ddcb30e53b0aa55f2016e26d2d20894bfe4f5d8091466e
0xcdb1f0400949238a63d3e88243d2ada08cd9c2a71985ced9f0cfd5e66354cf90,Will USA win the 2026 FIFA World Cup?,1783033699,2026-07-02T23:08:19+00:00,2026-07-02,BUY,No,0.974,10.0,0xd9282889d1623ae5ff833e8ca1d8cadad1412671b1489a1ae90ac6bbf994329a
0xcdb1f0400949238a63d3e88243d2ada08cd9c2a71985ced9f0cfd5e66354cf90,Will USA win the 2026 FIFA World Cup?,1783033697,2026-07-02T23:08:17+00:00,2026-07-02,BUY,No,0.974,110.0,0x6d53859c4dc381e29f8273d5302dc03af34f9605fa2ae8df5de7ad08f4fd450a
0xcdb1f0400949238a63d3e88243d2ada08cd9c2a71985ced9f0cfd5e66354cf90,Will USA win the 2026 FIFA World Cup?,1783033697,2026-07-02T23:08:17+00:00,2026-07-02,BUY,No,0.974,51.1,0x54933ea515a30ba8917f3fce8c0fb72427bca5babffef9d454451ebd1b672d06
0xcdb1f0400949238a63d3e88243d2ada08cd9c2a71985ced9f0cfd5e66354cf90,Will USA win the 2026 FIFA World Cup?,1783033697,2026-07-02T23:08:17+00:00,2026-07-02,BUY,No,0.974,25.5,0x0d0d61d1a2e225f96dda053719a72b7f0e981efcf60e73e38c63e9e1e790b9ef
0xcdb1f0400949238a63d3e88243d2ada08cd9c2a71985ced9f0cfd5e66354cf90,Will USA win the 2026 FIFA World Cup?,1783033696,2026-07-02T23:08:16+00:00,2026-07-02,BUY,No,0.974,110.0,0xc8a4cd69a4c6fb62293701cc40edbdc0f4ec6a0d7a1fd80810c67777498c942a
0xcdb1f0400949238a63d3e88243d2ada08cd9c2a71985ced9f0cfd5e66354cf90,Will USA win the 2026 FIFA World Cup?,1783033696,2026-07-02T23:08:16+00:00,2026-07-02,BUY,No,0.974,5.0,0xcd712a2be9522430e6c3a28fa6a483677570efacc8b19a15d6b3390ec66b7c0e
0xcdb1f0400949238a63d3e88243d2ada08cd9c2a71985ced9f0cfd5e66354cf90,Will USA win the 2026 FIFA World Cup?,1783033696,2026-07-02T23:08:16+00:00,2026-07-02,BUY,No,0.974,73.6,0x49e1144fb5eaf074b11badc86e6994df78c2e4e86323a525c67c97f27999c6ad
0xcdb1f0400949238a63d3e88243d2ada08cd9c2a71985ced9f0cfd5e66354cf90,Will USA win the 2026 FIFA World Cup?,1783033693,2026-07-02T23:08:13+00:00,2026-07-02,BUY,No,0.974,115.0,0x9e7ca6d86aa827bc9f63653c1f48efc0456916ebb4aa75b76adf1b5385998c5f
0xcdb1f0400949238a63d3e88243d2ada08cd9c2a71985ced9f0cfd5e66354cf90,Will USA win the 2026 FIFA World Cup?,1783033675,2026-07-02T23:07:55+00:00,2026-07-02,BUY,No,0.974,19.7741,0xaf37a94d85d0b82bcf78be254244ef31010f0c279f514fce6423ddbb76605226
0xcdb1f0400949238a63d3e88243d2ada08cd9c2a71985ced9f0cfd5e66354cf90,Will USA win the 2026 FIFA World Cup?,1783033625,2026-07-02T23:07:05+00:00,2026-07-02,BUY,No,0.974,20.0,0x89a39586e277f2cdc44875c6ea38c1ce84073202873ea82c5606b4e7c00f2148
0xcdb1f0400949238a63d3e88243d2ada08cd9c2a71985ced9f0cfd5e66354cf90,Will USA win the 2026 FIFA World Cup?,1783033624,2026-07-02T23:07:04+00:00,2026-07-02,BUY,No,0.974,16.0,0x4c933265f593e68e999a0ea82e8ee5f1599eba3eb4dbb0ffe27895f5e21f8895
0xcdb1f0400949238a63d3e88243d2ada08cd9c2a71985ced9f0cfd5e66354cf90,Will USA win the 2026 FIFA World Cup?,1783033624,2026-07-02T23:07:04+00:00,2026-07-02,SELL,No,0.973,26.7,0x03891314f92cd7ead5834dff4cd6b95073ec205c0ca37865b4f1d3f2ed1e276a
0xcdb1f0400949238a63d3e88243d2ada08cd9c2a71985ced9f0cfd5e66354cf90,Will USA win the 2026 FIFA World Cup?,1783033622,2026-07-02T23:07:02+00:00,2026-07-02,BUY,No,0.974,2.1,0xb0f6c975d66523237bbad15b7044d6cc298856975f4e89b8989bc1090c578afe
0xcdb1f0400949238a63d3e88243d2ada08cd9c2a71985ced9f0cfd5e66354cf90,Will USA win the 2026 FIFA World Cup?,1783033604,2026-07-02T23:06:44+00:00,2026-07-02,BUY,No,0.974,10.0,0xeb171774cafab2c58e7afc5c52ece4ec99d30aeef1c3ac19b3a3d836f7b4110e
0xcdb1f0400949238a63d3e88243d2ada08cd9c2a71985ced9f0cfd5e66354cf90,Will USA win the 2026 FIFA World Cup?,1783033598,2026-07-02T23:06:38+00:00,2026-07-02,BUY,No,0.974,26.694,0xf4be0b989e4b1c362a68e7b6e4807ee610da4bec7ec0697e9403d489c83d289b
0xcdb1f0400949238a63d3e88243d2ada08cd9c2a71985ced9f0cfd5e66354cf90,Will USA win the 2026 FIFA World Cup?,1783033589,2026-07-02T23:06:29+00:00,2026-07-02,SELL,Yes,0.026,10000.0,0x5d2984ce06b5e6fb694ed37def42096d26e330e8814dcbaabb339562919838d5
0xcdb1f0400949238a63d3e88243d2ada08cd9c2a71985ced9f0cfd5e66354cf90,Will USA win the 2026 FIFA World Cup?,1783033582,2026-07-02T23:06:22+00:00,2026-07-02,BUY,No,0.974,50.0,0xf861d8159fe8325c2a54901aa9287ca4f034e6a2de0e08bb0e7782883827939a
0xcdb1f0400949238a63d3e88243d2ada08cd9c2a71985ced9f0cfd5e66354cf90,Will USA win the 2026 FIFA World Cup?,1783033574,2026-07-02T23:06:14+00:00,2026-07-02,BUY,No,0.974,38.3,0x1c5f7e629e6a4a8255fb8e8d294e97e06ef555cfc20d6d3540394b8b8fde22cd
0xcdb1f0400949238a63d3e88243d2ada08cd9c2a71985ced9f0cfd5e66354cf90,Will USA win the 2026 FIFA World Cup?,1783033574,2026-07-02T23:06:14+00:00,2026-07-02,BUY,No,0.974,115.0,0x6c4ad35c1c80515b19b93560dbef2240dda6e60e6d770884c6269589b02eef5d
0xcdb1f0400949238a63d3e88243d2ada08cd9c2a71985ced9f0cfd5e66354cf90,Will USA win the 2026 FIFA World Cup?,1783033574,2026-07-02T23:06:14+00:00,2026-07-02,BUY,No,0.974,10.0,0x76749856253c5188352f026e46af8703bcd46433dd795c1922ac1936ce556973
0xcdb1f0400949238a63d3e88243d2ada08cd9c2a71985ced9f0cfd5e66354cf90,Will USA win the 2026 FIFA World Cup?,1783033573,2026-07-02T23:06:13+00:00,2026-07-02,BUY,No,0.974,73.6,0x7155ba054eb0c86a54c1067c8dd5ded9ef8c34a58d2778ed031a8a834c09c75c
0xcdb1f0400949238a63d3e88243d2ada08cd9c2a71985ced9f0cfd5e66354cf90,Will USA win the 2026 FIFA World Cup?,1783033573,2026-07-02T23:06:13+00:00,2026-07-02,BUY,No,0.974,50.0,0x552c7b09ce20ae56e4049c366c41c3507e911d04d3b552c411458ec00824e659
0xcdb1f0400949238a63d3e88243d2ada08cd9c2a71985ced9f0cfd5e66354cf90,Will USA win the 2026 FIFA World Cup?,1783033567,2026-07-02T23:06:07+00:00,2026-07-02,BUY,No,0.974,26.1,0xab9f674b38071ac01c58f9c3cbf53bc75f3c83221bfab93a30cb74eca0cae336
0xcdb1f0400949238a63d3e88243d2ada08cd9c2a71985ced9f0cfd5e66354cf90,Will USA win the 2026 FIFA World Cup?,1783033565,2026-07-02T23:06:05+00:00,2026-07-02,BUY,No,0.974,20.0,0xe142a3505deb4e76baa669b5c57314524ebecdbb750a586d428a3afdeb4d7373
0xcdb1f0400949238a63d3e88243d2ada08cd9c2a71985ced9f0cfd5e66354cf90,Will USA win the 2026 FIFA World Cup?,1783033564,2026-07-02T23:06:04+00:00,2026-07-02,BUY,No,0.974,10.0,0x0eb1a09db354010d1214d41b5f07dca48ac28e81c05d59cb47b8430e1a586995
0xcdb1f0400949238a63d3e88243d2ada08cd9c2a71985ced9f0cfd5e66354cf90,Will USA win the 2026 FIFA World Cup?,1783033559,2026-07-02T23:05:59+00:00,2026-07-02,SELL,No,0.973,27.53,0x9b77343ceb69a0237beed3e6c8f2906c6ddf7b4208bbe1d77c4cf435a73ed57a
0xcdb1f0400949238a63d3e88243d2ada08cd9c2a71985ced9f0cfd5e66354cf90,Will USA win the 2026 FIFA World Cup?,1783033541,2026-07-02T23:05:41+00:00,2026-07-02,BUY,No,0.974,27.5359,0x9dba5e290fe8bad511511fbbc3e453c2004614280d4501bc84eafc1665824132
0xcdb1f0400949238a63d3e88243d2ada08cd9c2a71985ced9f0cfd5e66354cf90,Will USA win the 2026 FIFA World Cup?,1783033517,2026-07-02T23:05:17+00:00,2026-07-02,SELL,No,0.973,27.72,0xb9e441ba34992e59369c828c65f5dfe22cb0d0e363a470ce71ee32fa25f06489
0xcdb1f0400949238a63d3e88243d2ada08cd9c2a71985ced9f0cfd5e66354cf90,Will USA win the 2026 FIFA World Cup?,1783033517,2026-07-02T23:05:17+00:00,2026-07-02,BUY,No,0.974,10.0,0x92e092aa9a1b08ba5b3496348b7911d4253c7b9d582b4ce0af1795dae2f390bd
0xcdb1f0400949238a63d3e88243d2ada08cd9c2a71985ced9f0cfd5e66354cf90,Will USA win the 2026 FIFA World Cup?,1783033516,2026-07-02T23:05:16+00:00,2026-07-02,BUY,No,0.974,10.0,0x472a73c53562943197049a4cf127317de0e9ba53f8bc992bae05c55d8a94a2bb
0xcdb1f0400949238a63d3e88243d2ada08cd9c2a71985ced9f0cfd5e66354cf90,Will USA win the 2026 FIFA World Cup?,1783033513,2026-07-02T23:05:13+00:00,2026-07-02,BUY,No,0.974,10.0,0x34141f7a1464f98e6fda79bfdc6ecfd07d116e8aaea5173debd417adf54515b4
0xcdb1f0400949238a63d3e88243d2ada08cd9c2a71985ced9f0cfd5e66354cf90,Will USA win the 2026 FIFA World Cup?,1783033511,2026-07-02T23:05:11+00:00,2026-07-02,BUY,No,0.974,10.0,0xee059a15480fc94ce57c4bd13b6e60c94e19a0c66a0c1e0ac178226469d4c569
0xcdb1f0400949238a63d3e88243d2ada08cd9c2a71985ced9f0cfd5e66354cf90,Will USA win the 2026 FIFA World Cup?,1783033508,2026-07-02T23:05:08+00:00,2026-07-02,BUY,No,0.974,10.0,0xe5aae06f455b508c42e28c92a8ada767c052fdeab34d4f2d228b50974a3299e1
0xcdb1f0400949238a63d3e88243d2ada08cd9c2a71985ced9f0cfd5e66354cf90,Will USA win the 2026 FIFA World Cup?,1783033507,2026-07-02T23:05:07+00:00,2026-07-02,BUY,No,0.974,10.0,0xe4bbc5078122fa0ad45fdf89ac66d9ad6e1dd058414a47fed0af1b1aea48e05f
0xcdb1f0400949238a63d3e88243d2ada08cd9c2a71985ced9f0cfd5e66354cf90,Will USA win the 2026 FIFA World Cup?,1783033504,2026-07-02T23:05:04+00:00,2026-07-02,BUY,No,0.974,10.0,0xe0f7d2e69c7bf8ca6f2d9679de4b184170aa6d011becd1567e774aefd57b0108
0xcdb1f0400949238a63d3e88243d2ada08cd9c2a71985ced9f0cfd5e66354cf90,Will USA win the 2026 FIFA World Cup?,1783033504,2026-07-02T23:05:04+00:00,2026-07-02,BUY,No,0.974,10.0,0x139110dc9c9ad6afa9b6db3b4625bf574d640b2345546d737e88fd1d63b03c59
0xcdb1f0400949238a63d3e88243d2ada08cd9c2a71985ced9f0cfd5e66354cf90,Will USA win the 2026 FIFA World Cup?,1783033502,2026-07-02T23:05:02+00:00,2026-07-02,BUY,No,0.974,10.0,0xec3eec6ea781a8b93f5f0237ed9e270fc400971ff55202c7e16285ccfbb81c34
0xcdb1f0400949238a63d3e88243d2ada08cd9c2a71985ced9f0cfd5e66354cf90,Will USA win the 2026 FIFA World Cup?,1783033501,2026-07-02T23:05:01+00:00,2026-07-02,BUY,No,0.974,10.0,0x8c44f46d7201005364397442923c1154d5d9fba55cefa795e5b57914199d4b78
0xcdb1f0400949238a63d3e88243d2ada08cd9c2a71985ced9f0cfd5e66354cf90,Will USA win the 2026 FIFA World Cup?,1783033499,2026-07-02T23:04:59+00:00,2026-07-02,BUY,No,0.974,10.0,0xf1f9b61e6d635bf1a737e915ddc2c2b30430dad535449e900a613fc1e899066d
0xcdb1f0400949238a63d3e88243d2ada08cd9c2a71985ced9f0cfd5e66354cf90,Will USA win the 2026 FIFA World Cup?,1783033499,2026-07-02T23:04:59+00:00,2026-07-02,BUY,No,0.974,20.0,0x7133401d3b0d2677db415ae466e8b2d09ea6f34fb56980a1bbe4a77953c62473
0xcdb1f0400949238a63d3e88243d2ada08cd9c2a71985ced9f0cfd5e66354cf90,Will USA win the 2026 FIFA World Cup?,1783033498,2026-07-02T23:04:58+00:00,2026-07-02,BUY,No,0.974,20.0,0xe9f64c4e6837d456541f0a4dc3956ccaf6db5a0f5a2efa956d931e51aac54b12
0xcdb1f0400949238a63d3e88243d2ada08cd9c2a71985ced9f0cfd5e66354cf90,Will USA win the 2026 FIFA World Cup?,1783033496,2026-07-02T23:04:56+00:00,2026-07-02,BUY,No,0.974,10.0,0xb0641b91cf2f2fe44304973b00632b9b05de6c127be77e54cd5e10bb622f96df
0xcdb1f0400949238a63d3e88243d2ada08cd9c2a71985ced9f0cfd5e66354cf90,Will USA win the 2026 FIFA World Cup?,1783033496,2026-07-02T23:04:56+00:00,2026-07-02,BUY,No,0.974,10.0,0xeca9e67cc515c6a6e13e53d4a3105db390b5f3ce87ac8d33e53f9e70c669ff47
0xcdb1f0400949238a63d3e88243d2ada08cd9c2a71985ced9f0cfd5e66354cf90,Will USA win the 2026 FIFA World Cup?,1783033453,2026-07-02T23:04:13+00:00,2026-07-02,BUY,No,0.974,27.7207,0xfa6ddff335509a14c1b68ab9dee7e8cc3b08b21e9705f7ce4409bb1d8b5c9d9c
0xcdb1f0400949238a63d3e88243d2ada08cd9c2a71985ced9f0cfd5e66354cf90,Will USA win the 2026 FIFA World Cup?,1783033417,2026-07-02T23:03:37+00:00,2026-07-02,SELL,No,0.973,28.75,0xb47fc6e536fd0cfbe56026427fff52a95543741f46c8ef89dca16de233c6e4e2
0xcdb1f0400949238a63d3e88243d2ada08cd9c2a71985ced9f0cfd5e66354cf90,Will USA win the 2026 FIFA World Cup?,1783033411,2026-07-02T23:03:31+00:00,2026-07-02,BUY,No,0.974,1.1,0xbd0182d9b0d3d605d4e1271c02053cb5682312275c8f9cc93436455149fd9139
0xcdb1f0400949238a63d3e88243d2ada08cd9c2a71985ced9f0cfd5e66354cf90,Will USA win the 2026 FIFA World Cup?,1783033411,2026-07-02T23:03:31+00:00,2026-07-02,BUY,No,0.974,95.0,0x2376aba4cabb4198bcf7e24fc5fd3bf166d58f9a27a43f4521d578f11f15213b
0xcdb1f0400949238a63d3e88243d2ada08cd9c2a71985ced9f0cfd5e66354cf90,Will USA win the 2026 FIFA World Cup?,1783033403,2026-07-02T23:03:23+00:00,2026-07-02,BUY,No,0.974,85.0,0x0e1d6ec0b9f1a81d8a5b4fa8b9db8a6edd0e26e180882efc3abd0b67e9898238
0xcdb1f0400949238a63d3e88243d2ada08cd9c2a71985ced9f0cfd5e66354cf90,Will USA win the 2026 FIFA World Cup?,1783033402,2026-07-02T23:03:22+00:00,2026-07-02,BUY,No,0.974,8.0,0xea09461f361830dda75646ab6d319e032a2eb1a669bced42ff8a517c5767e3ab
0xcdb1f0400949238a63d3e88243d2ada08cd9c2a71985ced9f0cfd5e66354cf90,Will USA win the 2026 FIFA World Cup?,1783033396,2026-07-02T23:03:16+00:00,2026-07-02,BUY,No,0.974,28.7474,0xd814ef84315ef6be4dccf9e639d2a890fe7ef9536889f511a23588489d64ff17
0xcdb1f0400949238a63d3e88243d2ada08cd9c2a71985ced9f0cfd5e66354cf90,Will USA win the 2026 FIFA World Cup?,1783033396,2026-07-02T23:03:16+00:00,2026-07-02,BUY,No,0.974,45.0,0xe11cbe6361cae2b39df6524e71e0d7194c00ce9c02dc200b10eae54811aceead
0xcdb1f0400949238a63d3e88243d2ada08cd9c2a71985ced9f0cfd5e66354cf90,Will USA win the 2026 FIFA World Cup?,1783033394,2026-07-02T23:03:14+00:00,2026-07-02,BUY,No,0.974,70.0,0x8559454cdaaa9fc63e81ec2489d3b12c38608d041c66bc68575c0875affe286e
0xcdb1f0400949238a63d3e88243d2ada08cd9c2a71985ced9f0cfd5e66354cf90,Will USA win the 2026 FIFA World Cup?,1783033388,2026-07-02T23:03:08+00:00,2026-07-02,BUY,No,0.974,66.76,0x6c3f076e9040a408b0682187376c7a81759c52c1ba6523f259b95747260ba6e2
0xcdb1f0400949238a63d3e88243d2ada08cd9c2a71985ced9f0cfd5e66354cf90,Will USA win the 2026 FIFA World Cup?,1783033360,2026-07-02T23:02:40+00:00,2026-07-02,BUY,No,0.974,1.1,0xafe0aaa7a0679bf45439f63bea9e8e15d6c7f3ee44c22891ec4f5bb93a3009c3
0xcdb1f0400949238a63d3e88243d2ada08cd9c2a71985ced9f0cfd5e66354cf90,Will USA win the 2026 FIFA World Cup?,1783033357,2026-07-02T23:02:37+00:00,2026-07-02,BUY,No,0.974,5.0,0xbbf3d53cd9c7ea8dab7bbf70c7691b933094fe523eeda1f4dbc5ff80bf41956c
0xcdb1f0400949238a63d3e88243d2ada08cd9c2a71985ced9f0cfd5e66354cf90,Will USA win the 2026 FIFA World Cup?,1783033354,2026-07-02T23:02:34+00:00,2026-07-02,BUY,No,0.974,64.34,0x6dbd025db9beac629f4b166464e5a50163855829b0cf5da92418ab2f0bed0104
0xcdb1f0400949238a63d3e88243d2ada08cd9c2a71985ced9f0cfd5e66354cf90,Will USA win the 2026 FIFA World Cup?,1783033354,2026-07-02T23:02:34+00:00,2026-07-02,BUY,No,0.974,3.63,0x6fdec8822ef5c13ef4a282a90040e3343049585a3b5dc00b29f8a1073ddedd52
0xcdb1f0400949238a63d3e88243d2ada08cd9c2a71985ced9f0cfd5e66354cf90,Will USA win the 2026 FIFA World Cup?,1783033348,2026-07-02T23:02:28+00:00,2026-07-02,BUY,No,0.974,51.77,0xd92721475c473bede60b95ec5318f84a068b4731a73328318cf5c1bf6830bc50
0xcdb1f0400949238a63d3e88243d2ada08cd9c2a71985ced9f0cfd5e66354cf90,Will USA win the 2026 FIFA World Cup?,1783033346,2026-07-02T23:02:26+00:00,2026-07-02,BUY,No,0.974,61.62,0xb5852deb60ae7445664b020283c3b5c529c9b6526b6419f04ba1a851e6fd9726
0xcdb1f0400949238a63d3e88243d2ada08cd9c2a71985ced9f0cfd5e66354cf90,Will USA win the 2026 FIFA World Cup?,1783033342,2026-07-02T23:02:22+00:00,2026-07-02,BUY,No,0.974,22.82,0x7ef309b82609c9d2fd636fa728d7042a716d67d8eab18674ba6bf1fac9d0cade
0xcdb1f0400949238a63d3e88243d2ada08cd9c2a71985ced9f0cfd5e66354cf90,Will USA win the 2026 FIFA World Cup?,1783033339,2026-07-02T23:02:19+00:00,2026-07-02,BUY,No,0.974,25.2,0x7fe713ea52a6475dfedb4a268422c664fb9a753bbdaeb982f763d7deb0122319
0xcdb1f0400949238a63d3e88243d2ada08cd9c2a71985ced9f0cfd5e66354cf90,Will USA win the 2026 FIFA World Cup?,1783033337,2026-07-02T23:02:17+00:00,2026-07-02,BUY,No,0.974,50.4,0xf1fc76d022aec899e4bdaee2ed87fef49864cc2ab5672a292176f2f550aec4c2
0xcdb1f0400949238a63d3e88243d2ada08cd9c2a71985ced9f0cfd5e66354cf90,Will USA win the 2026 FIFA World Cup?,1783033336,2026-07-02T23:02:16+00:00,2026-07-02,BUY,No,0.974,50.12,0xaf574229af20ebabc3eb527e5258657f0ae9d52d31427e10fd90bad5b9def054
0xcdb1f0400949238a63d3e88243d2ada08cd9c2a71985ced9f0cfd5e66354cf90,Will USA win the 2026 FIFA World Cup?,1783033334,2026-07-02T23:02:14+00:00,2026-07-02,BUY,No,0.974,5.0,0x9703dcad58db9f7f1d7672a07e6819c3fd263ab2478fa51cd81163496e8bebca
0xcdb1f0400949238a63d3e88243d2ada08cd9c2a71985ced9f0cfd5e66354cf90,Will USA win the 2026 FIFA World Cup?,1783033334,2026-07-02T23:02:14+00:00,2026-07-02,BUY,No,0.974,20.0,0x2869c44dea54799b92c7cfdc2350d0ffb13dd3b76142fb98daa4a67a1c48de4c
0xcdb1f0400949238a63d3e88243d2ada08cd9c2a71985ced9f0cfd5e66354cf90,Will USA win the 2026 FIFA World Cup?,1783033330,2026-07-02T23:02:10+00:00,2026-07-02,BUY,No,0.974,20.92,0x23dccc2bce35e21b1bf3c3d31961b880be661861b42b7e6a44374320d1cc57e7
0xcdb1f0400949238a63d3e88243d2ada08cd9c2a71985ced9f0cfd5e66354cf90,Will USA win the 2026 FIFA World Cup?,1783033327,2026-07-02T23:02:07+00:00,2026-07-02,BUY,No,0.974,65.0,0x29ad1fbd7bda64498602cdde34f11e1cf2fbd4f0364db39847bd6ff99e845124
0xcdb1f0400949238a63d3e88243d2ada08cd9c2a71985ced9f0cfd5e66354cf90,Will USA win the 2026 FIFA World Cup?,1783033325,2026-07-02T23:02:05+00:00,2026-07-02,BUY,No,0.974,115.0,0xdda1e8e28fbb2a5905e60c9bd6f18a2284a71281b9af3a1e6afdd6e5d2f19fc3
0xcdb1f0400949238a63d3e88243d2ada08cd9c2a71985ced9f0cfd5e66354cf90,Will USA win the 2026 FIFA World Cup?,1783033324,2026-07-02T23:02:04+00:00,2026-07-02,BUY,No,0.974,115.0,0x7c544fb40d98df0a66149dfab38071a88cb6f69b4f3cdd652befc670a5e46eda
0xcdb1f0400949238a63d3e88243d2ada08cd9c2a71985ced9f0cfd5e66354cf90,Will USA win the 2026 FIFA World Cup?,1783033322,2026-07-02T23:02:02+00:00,2026-07-02,BUY,No,0.974,60.0,0xf00012ed5f11855c3c8d9bd5932e3d95eb8bbc86156d8ee16c4b8d5a6676cb54
0xcdb1f0400949238a63d3e88243d2ada08cd9c2a71985ced9f0cfd5e66354cf90,Will USA win the 2026 FIFA World Cup?,1783033322,2026-07-02T23:02:02+00:00,2026-07-02,BUY,No,0.974,55.0,0xa1ffbe463c65738eca2064f20cbcf04b7b83d6d7b942de9cb24b8ecad0e9c9fc
0xcdb1f0400949238a63d3e88243d2ada08cd9c2a71985ced9f0cfd5e66354cf90,Will USA win the 2026 FIFA World Cup?,1783033321,2026-07-02T23:02:01+00:00,2026-07-02,BUY,No,0.974,115.0,0x3a039b7e2c9f06918e758ba698b6f3aba588a3390cf24cea5480ecce2cd5b251
0xcdb1f0400949238a63d3e88243d2ada08cd9c2a71985ced9f0cfd5e66354cf90,Will USA win the 2026 FIFA World Cup?,1783033321,2026-07-02T23:02:01+00:00,2026-07-02,BUY,No,0.974,23.4,0xf77d80b5dc7e61ec503b44c9d7d6982e023f602f34eb182e1d7d2fd8baede14c
0xcdb1f0400949238a63d3e88243d2ada08cd9c2a71985ced9f0cfd5e66354cf90,Will USA win the 2026 FIFA World Cup?,1783033319,2026-07-02T23:01:59+00:00,2026-07-02,BUY,No,0.974,115.0,0x7415644bfaa18d190521291a4df13d77fb2a59c839e817d60dee8c9d359b77be
0xcdb1f0400949238a63d3e88243d2ada08cd9c2a71985ced9f0cfd5e66354cf90,Will USA win the 2026 FIFA World Cup?,1783033319,2026-07-02T23:01:59+00:00,2026-07-02,BUY,No,0.974,46.8,0xa4f69c0e7b73b74a5553e110a9e939b0a9f08f74c2c0fb4764d0f52cd9965d61
0xcdb1f0400949238a63d3e88243d2ada08cd9c2a71985ced9f0cfd5e66354cf90,Will USA win the 2026 FIFA World Cup?,1783033304,2026-07-02T23:01:44+00:00,2026-07-02,BUY,No,0.974,5.2361,0x255786ab28dc47cdc63968c13de46715d34878984bfea4fa9f70eac919798da7
0xcdb1f0400949238a63d3e88243d2ada08cd9c2a71985ced9f0cfd5e66354cf90,Will USA win the 2026 FIFA World Cup?,1783033289,2026-07-02T23:01:29+00:00,2026-07-02,BUY,No,0.974,252.0,0x4a8c24e45a4dab5ccdf8a2e1ba9dacd6b2b9d8f4e848537c8f5cc7e54bb2bf7d
0xcdb1f0400949238a63d3e88243d2ada08cd9c2a71985ced9f0cfd5e66354cf90,Will USA win the 2026 FIFA World Cup?,1783033252,2026-07-02T23:00:52+00:00,2026-07-02,BUY,No,0.974,2.94,0x4c78837917d4a1d771b100955dab243c8c304dff31497f016cdf51a2178e9314
0xcdb1f0400949238a63d3e88243d2ada08cd9c2a71985ced9f0cfd5e66354cf90,Will USA win the 2026 FIFA World Cup?,1783033252,2026-07-02T23:00:52+00:00,2026-07-02,BUY,No,0.974,5.0,0xc8eae828fd013e714157b39e822bbd7983b1cabc92e952066ed977ade08e0ed7
0xcdb1f0400949238a63d3e88243d2ada08cd9c2a71985ced9f0cfd5e66354cf90,Will USA win the 2026 FIFA World Cup?,1783033249,2026-07-02T23:00:49+00:00,2026-07-02,BUY,No,0.974,5.0,0x7f37763393a67cde2a25a1a7e220243c7f24ea42142019955aece571ba4d77a9
0xcdb1f0400949238a63d3e88243d2ada08cd9c2a71985ced9f0cfd5e66354cf90,Will USA win the 2026 FIFA World Cup?,1783033247,2026-07-02T23:00:47+00:00,2026-07-02,BUY,No,0.974,10.0,0x408ff1d56e97c8b8c24b08597f620b408fc9c452c7462282b5bc188bb33ede3a
0xcdb1f0400949238a63d3e88243d2ada08cd9c2a71985ced9f0cfd5e66354cf90,Will USA win the 2026 FIFA World Cup?,1783033246,2026-07-02T23:00:46+00:00,2026-07-02,BUY,No,0.974,10.0,0xd593a7c732dc786584ec9f57be50eb25c2c8f173d80f1b46c28ea8b50c4ff80a
0xcdb1f0400949238a63d3e88243d2ada08cd9c2a71985ced9f0cfd5e66354cf90,Will USA win the 2026 FIFA World Cup?,1783033244,2026-07-02T23:00:44+00:00,2026-07-02,BUY,No,0.974,10.0,0x6af8ae194c782c0ec9e846a5c3005c966b1f079d234d49a96982e7951afed620
0xcdb1f0400949238a63d3e88243d2ada08cd9c2a71985ced9f0cfd5e66354cf90,Will USA win the 2026 FIFA World Cup?,1783033243,2026-07-02T23:00:43+00:00,2026-07-02,BUY,No,0.974,115.0,0x8ee05b10d41a26c9c5a07941ed71c424b419d20b6c5634d7d7b2d4bce25b088c
0xcdb1f0400949238a63d3e88243d2ada08cd9c2a71985ced9f0cfd5e66354cf90,Will USA win the 2026 FIFA World Cup?,1783033241,2026-07-02T23:00:41+00:00,2026-07-02,BUY,No,0.974,20.0,0xc9efb2a0dccb98e433bd0123014b4f3606c52de0517cad2d4672a6a3bdf87787
0xcdb1f0400949238a63d3e88243d2ada08cd9c2a71985ced9f0cfd5e66354cf90,Will USA win the 2026 FIFA World Cup?,1783033241,2026-07-02T23:00:41+00:00,2026-07-02,BUY,No,0.974,70.0,0xd7298a05312bda02c2ed436808f438fe10ae7ef40c18a2b5be2a95add88546ca
0xcdb1f0400949238a63d3e88243d2ada08cd9c2a71985ced9f0cfd5e66354cf90,Will USA win the 2026 FIFA World Cup?,1783033241,2026-07-02T23:00:41+00:00,2026-07-02,BUY,No,0.974,27.2,0xf5b1f39c927eb255ed21a115741634846288e12e2da822edaba1058d854ab61a
0xcdb1f0400949238a63d3e88243d2ada08cd9c2a71985ced9f0cfd5e66354cf90,Will USA win the 2026 FIFA World Cup?,1783033240,2026-07-02T23:00:40+00:00,2026-07-02,BUY,No,0.974,115.0,0x962bdd5b750cca17ce96c364ae2bef7756b8459a1480bfbc36f073f8cc89853c
0xcdb1f0400949238a63d3e88243d2ada08cd9c2a71985ced9f0cfd5e66354cf90,Will USA win the 2026 FIFA World Cup?,1783033240,2026-07-02T23:00:40+00:00,2026-07-02,BUY,No,0.974,115.0,0xfc1243dec8ac10dff077a2b129e7dbfae95f7f3c35c329836f50c9ad027fe7d3
0xcdb1f0400949238a63d3e88243d2ada08cd9c2a71985ced9f0cfd5e66354cf90,Will USA win the 2026 FIFA World Cup?,1783033240,2026-07-02T23:00:40+00:00,2026-07-02,BUY,No,0.974,47.0,0xf7cd4172cc66b667f084c988252ec0ee1709b452d59488ec1f119e4be43fd0ce
0xcdb1f0400949238a63d3e88243d2ada08cd9c2a71985ced9f0cfd5e66354cf90,Will USA win the 2026 FIFA World Cup?,1783033216,2026-07-02T23:00:16+00:00,2026-07-02,BUY,No,0.974,10.0,0xe81c47070b935202d7756e114dfedf479c146fcac72086a1e24ab85e6a7452a9
0xcdb1f0400949238a63d3e88243d2ada08cd9c2a71985ced9f0cfd5e66354cf90,Will USA win the 2026 FIFA World Cup?,1783033214,2026-07-02T23:00:14+00:00,2026-07-02,BUY,No,0.974,10.0,0x2a73a8fbc2303210ea46eb4839b4f799f4b5e3d2a6cc0988b54b1b888d60d94e
0xcdb1f0400949238a63d3e88243d2ada08cd9c2a71985ced9f0cfd5e66354cf90,Will USA win the 2026 FIFA World Cup?,1783033204,2026-07-02T23:00:04+00:00,2026-07-02,BUY,No,0.974,15.0,0x8101a9066945535e4553dd4798c3525695a49343c72c9b74877f84da77b4ac9c
0xcdb1f0400949238a63d3e88243d2ada08cd9c2a71985ced9f0cfd5e66354cf90,Will USA win the 2026 FIFA World Cup?,1783033202,2026-07-02T23:00:02+00:00,2026-07-02,BUY,No,0.974,50.0,0x03d1e8db13a59e34dcdc476da20ff1a9ae581547ebe30262318f9a340546029a
0xcdb1f0400949238a63d3e88243d2ada08cd9c2a71985ced9f0cfd5e66354cf90,Will USA win the 2026 FIFA World Cup?,1783033201,2026-07-02T23:00:01+00:00,2026-07-02,BUY,No,0.974,65.0,0x6a5af3bb4854370940d696ca799ab14e7a5a0a206e537c5c6445ce45cc2d1f54
0xcdb1f0400949238a63d3e88243d2ada08cd9c2a71985ced9f0cfd5e66354cf90,Will USA win the 2026 FIFA World Cup?,1783033201,2026-07-02T23:00:01+00:00,2026-07-02,BUY,No,0.974,115.0,0x25c3514e64019272009de9bea8fb1aee6f2f22491e276ab7e592c94291591101
0xcdb1f0400949238a63d3e88243d2ada08cd9c2a71985ced9f0cfd5e66354cf90,Will USA win the 2026 FIFA World Cup?,1783033201,2026-07-02T23:00:01+00:00,2026-07-02,BUY,No,0.974,73.6,0x9878300d3dee078afde292efa662438f4d7ed0cd4cb666da7fb2045d6eacdb55
0xcdb1f0400949238a63d3e88243d2ada08cd9c2a71985ced9f0cfd5e66354cf90,Will USA win the 2026 FIFA World Cup?,1783033025,2026-07-02T22:57:05+00:00,2026-07-02,SELL,No,0.973,47.52,0xe6c16b1a944358bbf1ab0aeeac00ec27ecbbbd073abee0d1a1920c10c16b81da
0xcdb1f0400949238a63d3e88243d2ada08cd9c2a71985ced9f0cfd5e66354cf90,Will USA win the 2026 FIFA World Cup?,1783032935,2026-07-02T22:55:35+00:00,2026-07-02,SELL,Yes,0.026,142.86,0xff5098a5f737bbd8392caca38c7a09239571df14eddaabf3972f0b6f886d9f81
0xcdb1f0400949238a63d3e88243d2ada08cd9c2a71985ced9f0cfd5e66354cf90,Will USA win the 2026 FIFA World Cup?,1783032847,2026-07-02T22:54:07+00:00,2026-07-02,SELL,No,0.973,10.5,0xabdbf97334aadde27092ede4bbf93d62e2cda84ab4d149c5fe7af2e2de4eaa7b
0xcdb1f0400949238a63d3e88243d2ada08cd9c2a71985ced9f0cfd5e66354cf90,Will USA win the 2026 FIFA World Cup?,1783032826,2026-07-02T22:53:46+00:00,2026-07-02,BUY,No,0.974,10.5,0x11e73ac9adbdbee8999043ebc7fd735d90ca404deb28f3dc3d42ab2d6ecf620c
0xcdb1f0400949238a63d3e88243d2ada08cd9c2a71985ced9f0cfd5e66354cf90,Will USA win the 2026 FIFA World Cup?,1783032370,2026-07-02T22:46:10+00:00,2026-07-02,SELL,No,0.973,55.47,0xf224dcc63ed411f54ef36164f6b653f3732af0664de9a3ab108afeedcc3538f2
0xcdb1f0400949238a63d3e88243d2ada08cd9c2a71985ced9f0cfd5e66354cf90,Will USA win the 2026 FIFA World Cup?,1783032362,2026-07-02T22:46:02+00:00,2026-07-02,SELL,No,0.973,48.66,0xc8e21c65a3d82254dffd469971c78470a74a26f5fb5448065a54a7d9c7f102a5
0xcdb1f0400949238a63d3e88243d2ada08cd9c2a71985ced9f0cfd5e66354cf90,Will USA win the 2026 FIFA World Cup?,1783032262,2026-07-02T22:44:22+00:00,2026-07-02,BUY,No,0.974,200.0,0xb5ebb4360b0efdde4260febead1984fcf3a11c3acee9ff1e201951acd03ecb6b
0xcdb1f0400949238a63d3e88243d2ada08cd9c2a71985ced9f0cfd5e66354cf90,Will USA win the 2026 FIFA World Cup?,1783032005,2026-07-02T22:40:05+00:00,2026-07-02,SELL,Yes,0.026,176.47,0xae065339be6a2017bb5cfbb58071b6e15eb64da4288fe24bce13960169a892b3
0xcdb1f0400949238a63d3e88243d2ada08cd9c2a71985ced9f0cfd5e66354cf90,Will USA win the 2026 FIFA World Cup?,1783031914,2026-07-02T22:38:34+00:00,2026-07-02,SELL,No,0.973,50.92,0x03bf8fea8695834f0ca373aa4e3be47206680380365c615d0e6a1811c0b520be
0xcdb1f0400949238a63d3e88243d2ada08cd9c2a71985ced9f0cfd5e66354cf90,Will USA win the 2026 FIFA World Cup?,1783031717,2026-07-02T22:35:17+00:00,2026-07-02,SELL,Yes,0.026,47.61,0x2911b0af925d2b1148989225605c7096086bfdb3e0fc304588137e0c6f46aac2
0xcdb1f0400949238a63d3e88243d2ada08cd9c2a71985ced9f0cfd5e66354cf90,Will USA win the 2026 FIFA World Cup?,1783031576,2026-07-02T22:32:56+00:00,2026-07-02,SELL,Yes,0.027,11429.72,0xe741676ef988cbf651c193e20a618ad31ae877b765c17830968378460ef07dfd
0xcdb1f0400949238a63d3e88243d2ada08cd9c2a71985ced9f0cfd5e66354cf90,Will USA win the 2026 FIFA World Cup?,1783031374,2026-07-02T22:29:34+00:00,2026-07-02,BUY,Yes,0.028,71.4286,0x345729c464548085ab646090a1b60099d7a5b6a4eb2f92c2845e689cc66fe680
0xcdb1f0400949238a63d3e88243d2ada08cd9c2a71985ced9f0cfd5e66354cf90,Will USA win the 2026 FIFA World Cup?,1783031240,2026-07-02T22:27:20+00:00,2026-07-02,SELL,No,0.972,48.36,0xb4f62d2c01075091d32e23caacd791f1e1e961fc35f3637e8a0c39898f5e4448
0xcdb1f0400949238a63d3e88243d2ada08cd9c2a71985ced9f0cfd5e66354cf90,Will USA win the 2026 FIFA World Cup?,1783030969,2026-07-02T22:22:49+00:00,2026-07-02,SELL,No,0.972,5.2,0x542ff458c0cc7a797e3533ba2dcab463ec06a887f3f7a7b7c7dc40493a6407cd
0xcdb1f0400949238a63d3e88243d2ada08cd9c2a71985ced9f0cfd5e66354cf90,Will USA win the 2026 FIFA World Cup?,1783030955,2026-07-02T22:22:35+00:00,2026-07-02,SELL,Yes,0.027,10.22,0x68b0c1ee8dd8fcf148fdb40124e1e5470f8468e959609145cb43e73490cff29b
0xcdb1f0400949238a63d3e88243d2ada08cd9c2a71985ced9f0cfd5e66354cf90,Will USA win the 2026 FIFA World Cup?,1783030930,2026-07-02T22:22:10+00:00,2026-07-02,SELL,Yes,0.027,144.13,0xa75c6e7f991b25eb78e51f28960ad59af27dc5ed78b100c9fe88b960919910aa
0xcdb1f0400949238a63d3e88243d2ada08cd9c2a71985ced9f0cfd5e66354cf90,Will USA win the 2026 FIFA World Cup?,1783030805,2026-07-02T22:20:05+00:00,2026-07-02,SELL,Yes,0.027,902.9,0x282e7789f506a66c21a237b279a963bc8adeb45e714c54a6eea76f8ade3ab003
0xcdb1f0400949238a63d3e88243d2ada08cd9c2a71985ced9f0cfd5e66354cf90,Will USA win the 2026 FIFA World Cup?,1783030366,2026-07-02T22:12:46+00:00,2026-07-02,SELL,Yes,0.027,3952.6,0x358e652f81f449c41b40757e0ab83f8aa3754f2838b07239eea8d3b0d162a3c6
0xcdb1f0400949238a63d3e88243d2ada08cd9c2a71985ced9f0cfd5e66354cf90,Will USA win the 2026 FIFA World Cup?,1783030343,2026-07-02T22:12:23+00:00,2026-07-02,BUY,Yes,0.028,69.2857,0xa3015c722e3f788490f839ca8eba09bf657b5fe7aaa315faa3055ebe46694bcf
0xcdb1f0400949238a63d3e88243d2ada08cd9c2a71985ced9f0cfd5e66354cf90,Will USA win the 2026 FIFA World Cup?,1783030202,2026-07-02T22:10:02+00:00,2026-07-02,SELL,Yes,0.027,33.1,0x25097e3e84a9eb9cf529b652ba4077e742136553f8c565e633afd37cd5f4c29a
0xcdb1f0400949238a63d3e88243d2ada08cd9c2a71985ced9f0cfd5e66354cf90,Will USA win the 2026 FIFA World Cup?,1783030087,2026-07-02T22:08:07+00:00,2026-07-02,SELL,No,0.972,51.11,0x42e4c6b2898eceb1f7da7dd17fdc3118bd37b6871e4290108af8a2fba9e9f934
0xcdb1f0400949238a63d3e88243d2ada08cd9c2a71985ced9f0cfd5e66354cf90,Will USA win the 2026 FIFA World Cup?,1783030036,2026-07-02T22:07:16+00:00,2026-07-02,SELL,No,0.972,49.22,0x7e47488156713d3f86df902fd12e06928d97024031397bb581142ec2aa8c8281
0xcdb1f0400949238a63d3e88243d2ada08cd9c2a71985ced9f0cfd5e66354cf90,Will USA win the 2026 FIFA World Cup?,1783029637,2026-07-02T22:00:37+00:00,2026-07-02,BUY,Yes,0.028,35.7143,0xf2e91263a35287026b91ffb1d1a6284361cd96df9d4b8b900095b95953e7a9f1
0xcdb1f0400949238a63d3e88243d2ada08cd9c2a71985ced9f0cfd5e66354cf90,Will USA win the 2026 FIFA World Cup?,1783029566,2026-07-02T21:59:26+00:00,2026-07-02,BUY,Yes,0.028,500.0,0x87ff6cb67c66e90430321c37620d441bba616abd05d8f8162c0b9eccfce0feae
0xcdb1f0400949238a63d3e88243d2ada08cd9c2a71985ced9f0cfd5e66354cf90,Will USA win the 2026 FIFA World Cup?,1783029430,2026-07-02T21:57:10+00:00,2026-07-02,BUY,Yes,0.028,214.2857,0xe473b6bc6ec526048ea95b010ffb3adbd001bfce33ebbcc22d48af6eb4ae29ff
0xcdb1f0400949238a63d3e88243d2ada08cd9c2a71985ced9f0cfd5e66354cf90,Will USA win the 2026 FIFA World Cup?,1783029185,2026-07-02T21:53:05+00:00,2026-07-02,BUY,Yes,0.028,178.5714,0xb09db83b1a366b6f596dd8e210af5268f702d00e8d719aa77af4307ca855b376
0xcdb1f0400949238a63d3e88243d2ada08cd9c2a71985ced9f0cfd5e66354cf90,Will USA win the 2026 FIFA World Cup?,1783029128,2026-07-02T21:52:08+00:00,2026-07-02,SELL,Yes,0.027,47.61,0xab07a08467a14d3f6adf1056a27800214445e1c4da7cf69ef9583aa9650d0a6c
0xcdb1f0400949238a63d3e88243d2ada08cd9c2a71985ced9f0cfd5e66354cf90,Will USA win the 2026 FIFA World Cup?,1783029119,2026-07-02T21:51:59+00:00,2026-07-02,SELL,Yes,0.027,1166.66,0xb59c2966803f051f9fe7371e500fae03fc5d4e6923c97e1be1ccfb9263fe37c2
0xcdb1f0400949238a63d3e88243d2ada08cd9c2a71985ced9f0cfd5e66354cf90,Will USA win the 2026 FIFA World Cup?,1783029115,2026-07-02T21:51:55+00:00,2026-07-02,BUY,Yes,0.028,69.2857,0xfc8e1dc72fb3ba24ac1d67b5e203547ae199e3dd72edc395fdb1cf213107f462
0xcdb1f0400949238a63d3e88243d2ada08cd9c2a71985ced9f0cfd5e66354cf90,Will USA win the 2026 FIFA World Cup?,1783028917,2026-07-02T21:48:37+00:00,2026-07-02,BUY,Yes,0.028,178.5714,0x229a58adb60453cead9865dff5aa61d13f64827be862c60cba7cca302bbc592c
0xcdb1f0400949238a63d3e88243d2ada08cd9c2a71985ced9f0cfd5e66354cf90,Will USA win the 2026 FIFA World Cup?,1783028783,2026-07-02T21:46:23+00:00,2026-07-02,BUY,Yes,0.028,428.5714,0x5518f5ec35e8968948359370d4b29d0f26c8e350594d752880c03262b001107c
0xcdb1f0400949238a63d3e88243d2ada08cd9c2a71985ced9f0cfd5e66354cf90,Will USA win the 2026 FIFA World Cup?,1783028773,2026-07-02T21:46:13+00:00,2026-07-02,BUY,No,0.973,47.5128,0x1df4fba00b848f39ca3531a32a04c3c9554778d4da9de795256b771b171ae946
0xcdb1f0400949238a63d3e88243d2ada08cd9c2a71985ced9f0cfd5e66354cf90,Will USA win the 2026 FIFA World Cup?,1783028497,2026-07-02T21:41:37+00:00,2026-07-02,BUY,Yes,0.028,428.2143,0x41b3a47052f8ec865592739c4e6751cb812c24dd705a3602403c513d856b8d91
0xcdb1f0400949238a63d3e88243d2ada08cd9c2a71985ced9f0cfd5e66354cf90,Will USA win the 2026 FIFA World Cup?,1783028482,2026-07-02T21:41:22+00:00,2026-07-02,SELL,Yes,0.027,43213.28,0x88e884d179a24e0859424c8237e9d43ac594599ca962becf6d9ff6a8b0b3522c
0xcdb1f0400949238a63d3e88243d2ada08cd9c2a71985ced9f0cfd5e66354cf90,Will USA win the 2026 FIFA World Cup?,1783028465,2026-07-02T21:41:05+00:00,2026-07-02,SELL,Yes,0.027,178.57,0xcbcb30de428e2cf92a120f2c97d951a0b289e7d16a348405d3c4532c4e8d32d4
0xcdb1f0400949238a63d3e88243d2ada08cd9c2a71985ced9f0cfd5e66354cf90,Will USA win the 2026 FIFA World Cup?,1783028116,2026-07-02T21:35:16+00:00,2026-07-02,BUY,Yes,0.028,35.7143,0xd3fb4aabfa968d603e8dbe456b55e1429cbb9e838f9be2c15c3cce36a2d0cb3e
0xcdb1f0400949238a63d3e88243d2ada08cd9c2a71985ced9f0cfd5e66354cf90,Will USA win the 2026 FIFA World Cup?,1783027730,2026-07-02T21:28:50+00:00,2026-07-02,SELL,No,0.972,56.41,0xb8c2930bad8cee00cb5845446550efed580cb853efe2ff6d031398d2fe732b73
0xcdb1f0400949238a63d3e88243d2ada08cd9c2a71985ced9f0cfd5e66354cf90,Will USA win the 2026 FIFA World Cup?,1783027340,2026-07-02T21:22:20+00:00,2026-07-02,SELL,Yes,0.027,661.25,0x9f1e003992f41c3f73e5f79ac965f0956723c871b37ea073aead46c1db3b79a3
0xcdb1f0400949238a63d3e88243d2ada08cd9c2a71985ced9f0cfd5e66354cf90,Will USA win the 2026 FIFA World Cup?,1783027306,2026-07-02T21:21:46+00:00,2026-07-02,BUY,No,0.973,55.4676,0x2ce546c4615f960548c81e4ee9687cf6ba24976eb1e21f6a446d893c18569186
0x5ccfe1b69a582d2985db08a8481a0d74c314b1fce9b4711ae2efb2c6467fe6aa,Will Mexico win the 2026 FIFA World Cup?,1783044199,2026-07-03T02:03:19+00:00,2026-07-03,SELL,No,0.965,34.16,0x4454e2d7c61ba3980bbe2d8284407865a16650b2a9f12ab58a01f2023e94e213
0x5ccfe1b69a582d2985db08a8481a0d74c314b1fce9b4711ae2efb2c6467fe6aa,Will Mexico win the 2026 FIFA World Cup?,1783044139,2026-07-03T02:02:19+00:00,2026-07-03,BUY,Yes,0.035,3179.1429,0xd3ef9e4ea272011b5defcf1696781ea203be88cdb2c60b23e26a7a515ef3db96
0x5ccfe1b69a582d2985db08a8481a0d74c314b1fce9b4711ae2efb2c6467fe6aa,Will Mexico win the 2026 FIFA World Cup?,1783043942,2026-07-03T01:59:02+00:00,2026-07-03,BUY,No,0.966,5.0931,0xb09e030696ef2d7fca1a11bb279dabd6fd0ca0d3c4abe87b6e1ea1dc3e47e979
0x5ccfe1b69a582d2985db08a8481a0d74c314b1fce9b4711ae2efb2c6467fe6aa,Will Mexico win the 2026 FIFA World Cup?,1783043935,2026-07-03T01:58:55+00:00,2026-07-03,SELL,No,0.965,41.47,0x9716110cc872cd0107d7242f6e1458407058a0ccb46a5c3a1c70f009346f7e49
0x5ccfe1b69a582d2985db08a8481a0d74c314b1fce9b4711ae2efb2c6467fe6aa,Will Mexico win the 2026 FIFA World Cup?,1783043905,2026-07-03T01:58:25+00:00,2026-07-03,BUY,No,0.966,2836.0145,0x9c8c24a92a515b388444da0b81bfa77a42e479cb96ed25a25778a9e7fddbc0b8
0x5ccfe1b69a582d2985db08a8481a0d74c314b1fce9b4711ae2efb2c6467fe6aa,Will Mexico win the 2026 FIFA World Cup?,1783043735,2026-07-03T01:55:35+00:00,2026-07-03,SELL,Yes,0.034,3213.37,0x32aa6fc8928363f11df632fd6e709d51d04dbc83dc8754d51e69ae666b5c7b37
0x5ccfe1b69a582d2985db08a8481a0d74c314b1fce9b4711ae2efb2c6467fe6aa,Will Mexico win the 2026 FIFA World Cup?,1783043647,2026-07-03T01:54:07+00:00,2026-07-03,SELL,No,0.965,18.67,0xb56b72c5364748e200a71af95a214627ca94de36402b41a706d2df68c84dd8e1
0x5ccfe1b69a582d2985db08a8481a0d74c314b1fce9b4711ae2efb2c6467fe6aa,Will Mexico win the 2026 FIFA World Cup?,1783043623,2026-07-03T01:53:43+00:00,2026-07-03,BUY,No,0.966,18.67,0xa60f1dde032e87c4731c4f66146aa09447b40feec326ea7c129c4395e5a72ca7
0x5ccfe1b69a582d2985db08a8481a0d74c314b1fce9b4711ae2efb2c6467fe6aa,Will Mexico win the 2026 FIFA World Cup?,1783043554,2026-07-03T01:52:34+00:00,2026-07-03,BUY,Yes,0.035,28.5714,0xb00fb77135e0f6d1c8cb0e9d8af8442e5ec1279432762a873e5354916926ba8f
0x5ccfe1b69a582d2985db08a8481a0d74c314b1fce9b4711ae2efb2c6467fe6aa,Will Mexico win the 2026 FIFA World Cup?,1783043416,2026-07-03T01:50:16+00:00,2026-07-03,BUY,Yes,0.035,114.2857,0x31daedafdc96526b7d38211d268e94841fd8b72d810dd64ab767f1282a4af4fa
0x5ccfe1b69a582d2985db08a8481a0d74c314b1fce9b4711ae2efb2c6467fe6aa,Will Mexico win the 2026 FIFA World Cup?,1783043375,2026-07-03T01:49:35+00:00,2026-07-03,BUY,Yes,0.035,28.5714,0x971acc4472327a5e0fcd4ba9d24293ac80cc8d275d62570d9eb005b8191315a2
0x5ccfe1b69a582d2985db08a8481a0d74c314b1fce9b4711ae2efb2c6467fe6aa,Will Mexico win the 2026 FIFA World Cup?,1783043318,2026-07-03T01:48:38+00:00,2026-07-03,SELL,Yes,0.034,904.43,0x7dd0974070db30ed382c6c7b5134e139983813a66ba58aecf6166b768763cb5e
0x5ccfe1b69a582d2985db08a8481a0d74c314b1fce9b4711ae2efb2c6467fe6aa,Will Mexico win the 2026 FIFA World Cup?,1783043279,2026-07-03T01:47:59+00:00,2026-07-03,BUY,Yes,0.035,857.1429,0x99980325aabec0e915ddcbc5b1797ef780ad68d58c8cad7318ab2a7ccb6fe8f6
0x5ccfe1b69a582d2985db08a8481a0d74c314b1fce9b4711ae2efb2c6467fe6aa,Will Mexico win the 2026 FIFA World Cup?,1783043209,2026-07-03T01:46:49+00:00,2026-07-03,BUY,Yes,0.035,194.2857,0x134c485cb619bbab17c4810a5b2582c871c2af10aa85966f2fa84a32b5afa894
0x5ccfe1b69a582d2985db08a8481a0d74c314b1fce9b4711ae2efb2c6467fe6aa,Will Mexico win the 2026 FIFA World Cup?,1783043194,2026-07-03T01:46:34+00:00,2026-07-03,BUY,No,0.966,3.1056,0xb71063c8708a7f0afe95bf72b5b15452045532db18ceab7ba410a063156417a0
0x5ccfe1b69a582d2985db08a8481a0d74c314b1fce9b4711ae2efb2c6467fe6aa,Will Mexico win the 2026 FIFA World Cup?,1783043144,2026-07-03T01:45:44+00:00,2026-07-03,BUY,Yes,0.033,732.7273,0x874296ec87cb8054d37e613d51be8bfe3a774dc26380d09cc5f4cd9c8e413478
0x5ccfe1b69a582d2985db08a8481a0d74c314b1fce9b4711ae2efb2c6467fe6aa,Will Mexico win the 2026 FIFA World Cup?,1783043050,2026-07-03T01:44:10+00:00,2026-07-03,SELL,No,0.966,14.5,0x0cc7df7692e0b2811951a37c1a48fc9937c3b82415fa0e15f45175adf478fa8d
0x5ccfe1b69a582d2985db08a8481a0d74c314b1fce9b4711ae2efb2c6467fe6aa,Will Mexico win the 2026 FIFA World Cup?,1783043008,2026-07-03T01:43:28+00:00,2026-07-03,BUY,Yes,0.034,202.9412,0xff5fec7662886222c136ea392f935c791b74a188f92ba8d2d32c5c323f2251f8
0x5ccfe1b69a582d2985db08a8481a0d74c314b1fce9b4711ae2efb2c6467fe6aa,Will Mexico win the 2026 FIFA World Cup?,1783042990,2026-07-03T01:43:10+00:00,2026-07-03,SELL,Yes,0.032,1294.0,0x8546255adcc0cc769a7c044a543b810dfc87e59352b3c5974e5ece8e2244b8f6
0x5ccfe1b69a582d2985db08a8481a0d74c314b1fce9b4711ae2efb2c6467fe6aa,Will Mexico win the 2026 FIFA World Cup?,1783042841,2026-07-03T01:40:41+00:00,2026-07-03,BUY,Yes,0.0334,11973.8077,0xc65e8abeb356d1276ff1a7745f7a116f8944a684f41bc5074b9fcdc5bdb898e7
0x5ccfe1b69a582d2985db08a8481a0d74c314b1fce9b4711ae2efb2c6467fe6aa,Will Mexico win the 2026 FIFA World Cup?,1783042837,2026-07-03T01:40:37+00:00,2026-07-03,BUY,Yes,0.033,151.5152,0xa35c56148203a7cd8a637597a4bde4f6f732e58cc187763b63e237d7addefe78
0x5ccfe1b69a582d2985db08a8481a0d74c314b1fce9b4711ae2efb2c6467fe6aa,Will Mexico win the 2026 FIFA World Cup?,1783042715,2026-07-03T01:38:35+00:00,2026-07-03,SELL,No,0.967,55.86,0x54a0d7636eea55b25b4d5fc691186c1da749de1ba44e086fb3500618338f358a
0x5ccfe1b69a582d2985db08a8481a0d74c314b1fce9b4711ae2efb2c6467fe6aa,Will Mexico win the 2026 FIFA World Cup?,1783042709,2026-07-03T01:38:29+00:00,2026-07-03,SELL,Yes,0.032,62.5,0x3c9d7b89e48ff83f7f0ab8025ee3d7d286fe69e3b7c62b3ea187e0cc777737ea
0x5ccfe1b69a582d2985db08a8481a0d74c314b1fce9b4711ae2efb2c6467fe6aa,Will Mexico win the 2026 FIFA World Cup?,1783042675,2026-07-03T01:37:55+00:00,2026-07-03,BUY,Yes,0.034,50.0,0x840029c6114c5cb34c425633c0db5d5cc891c06a80faac4fb743000777d37a75
0x5ccfe1b69a582d2985db08a8481a0d74c314b1fce9b4711ae2efb2c6467fe6aa,Will Mexico win the 2026 FIFA World Cup?,1783042570,2026-07-03T01:36:10+00:00,2026-07-03,SELL,Yes,0.032,111.11,0x24295c77de56ca77f9ce7d46128e61cd16468b0f0dafc38f9ee1c70a2d860d51
0x5ccfe1b69a582d2985db08a8481a0d74c314b1fce9b4711ae2efb2c6467fe6aa,Will Mexico win the 2026 FIFA World Cup?,1783042562,2026-07-03T01:36:02+00:00,2026-07-03,BUY,Yes,0.0333,89983.2341,0xf9078e1428c7cfe1655be14f249a03b6ff54920a27b4d934fa6017e893cb1177
0x5ccfe1b69a582d2985db08a8481a0d74c314b1fce9b4711ae2efb2c6467fe6aa,Will Mexico win the 2026 FIFA World Cup?,1783042555,2026-07-03T01:35:55+00:00,2026-07-03,BUY,Yes,0.033,2000.0,0x03f3a951acef58de1108b03f1b4c09f776aa172f00bec168b5fc9eded3d40a2c
0x5ccfe1b69a582d2985db08a8481a0d74c314b1fce9b4711ae2efb2c6467fe6aa,Will Mexico win the 2026 FIFA World Cup?,1783042519,2026-07-03T01:35:19+00:00,2026-07-03,BUY,Yes,0.033,303030.303,0x3265781be176499a51182338b0ae3b698a7c987af85e160fe95f02f5fdb05aeb
0x5ccfe1b69a582d2985db08a8481a0d74c314b1fce9b4711ae2efb2c6467fe6aa,Will Mexico win the 2026 FIFA World Cup?,1783042438,2026-07-03T01:33:58+00:00,2026-07-03,BUY,Yes,0.033,5000.0,0x014bd94220ccf5777c99db1ef4e5db5833255d98e2051ccec264f7bdd59b5d58
0x5ccfe1b69a582d2985db08a8481a0d74c314b1fce9b4711ae2efb2c6467fe6aa,Will Mexico win the 2026 FIFA World Cup?,1783042417,2026-07-03T01:33:37+00:00,2026-07-03,BUY,Yes,0.033,25000.0,0x7a9e3e193c14b6697f7b066b431841b44dadcef7c23faf6b13d4eaf99640fd37
0x5ccfe1b69a582d2985db08a8481a0d74c314b1fce9b4711ae2efb2c6467fe6aa,Will Mexico win the 2026 FIFA World Cup?,1783042276,2026-07-03T01:31:16+00:00,2026-07-03,BUY,Yes,0.033,31.0,0x8f5ae628f1fdf8ad2bde02960695a492fb41fe10c9d3de88f5ff75770bc60635
0x5ccfe1b69a582d2985db08a8481a0d74c314b1fce9b4711ae2efb2c6467fe6aa,Will Mexico win the 2026 FIFA World Cup?,1783042276,2026-07-03T01:31:16+00:00,2026-07-03,BUY,Yes,0.033,31.0,0x3c329e68eebff73f19eb688aeb18d40b2163fb716a2f456123623d6be494be1d
0x5ccfe1b69a582d2985db08a8481a0d74c314b1fce9b4711ae2efb2c6467fe6aa,Will Mexico win the 2026 FIFA World Cup?,1783042276,2026-07-03T01:31:16+00:00,2026-07-03,BUY,Yes,0.033,31.0,0x399b68d867d4494ec109d678a0948a9e0419e4fd1f6b7b0cfe05997a9ec773bf
0x5ccfe1b69a582d2985db08a8481a0d74c314b1fce9b4711ae2efb2c6467fe6aa,Will Mexico win the 2026 FIFA World Cup?,1783042276,2026-07-03T01:31:16+00:00,2026-07-03,BUY,Yes,0.033,31.0,0xc645d612ce9749745be0fac5d1a393afea32bd5a22357d9f5d198feeb0650355
0x5ccfe1b69a582d2985db08a8481a0d74c314b1fce9b4711ae2efb2c6467fe6aa,Will Mexico win the 2026 FIFA World Cup?,1783042276,2026-07-03T01:31:16+00:00,2026-07-03,BUY,Yes,0.033,31.0,0xec05614c1299aaf3aa39a7e3359fcff9ce01401e3a4982cdb27a80c1406e356c
0x5ccfe1b69a582d2985db08a8481a0d74c314b1fce9b4711ae2efb2c6467fe6aa,Will Mexico win the 2026 FIFA World Cup?,1783042276,2026-07-03T01:31:16+00:00,2026-07-03,BUY,Yes,0.033,31.0,0x3433fe6d9e73c2acfd1f3c56e2c90632fad61804e9ad97d9dbff74ea267ff4a8
0x5ccfe1b69a582d2985db08a8481a0d74c314b1fce9b4711ae2efb2c6467fe6aa,Will Mexico win the 2026 FIFA World Cup?,1783042274,2026-07-03T01:31:14+00:00,2026-07-03,BUY,Yes,0.033,31.0,0x85413ccb503a3010361fe1ee96afe577cf9147a758e17e98f2d91c97bb800bb6
0x5ccfe1b69a582d2985db08a8481a0d74c314b1fce9b4711ae2efb2c6467fe6aa,Will Mexico win the 2026 FIFA World Cup?,1783042274,2026-07-03T01:31:14+00:00,2026-07-03,BUY,Yes,0.033,31.0,0x7f8fb10049d5e4a90cd411ae4922498d43bfe364e4803311e50eb7e776dde3e4
0x5ccfe1b69a582d2985db08a8481a0d74c314b1fce9b4711ae2efb2c6467fe6aa,Will Mexico win the 2026 FIFA World Cup?,1783042274,2026-07-03T01:31:14+00:00,2026-07-03,BUY,Yes,0.033,31.0,0x3c6ba4fe4aea9882da9eb8c560a25977c4f5d3da9cd38313c6c7fcf8c2b18a5e
0x5ccfe1b69a582d2985db08a8481a0d74c314b1fce9b4711ae2efb2c6467fe6aa,Will Mexico win the 2026 FIFA World Cup?,1783042274,2026-07-03T01:31:14+00:00,2026-07-03,BUY,Yes,0.033,31.0,0xe04a8a7953782d70e2206474569996318230960ada10860ff7a3da2e9928ccdc
0x5ccfe1b69a582d2985db08a8481a0d74c314b1fce9b4711ae2efb2c6467fe6aa,Will Mexico win the 2026 FIFA World Cup?,1783042267,2026-07-03T01:31:07+00:00,2026-07-03,BUY,Yes,0.033,11.0,0xd9581482c77fc111309b9357e61c333d89a619789803b1790400024d443e2a90
0x5ccfe1b69a582d2985db08a8481a0d74c314b1fce9b4711ae2efb2c6467fe6aa,Will Mexico win the 2026 FIFA World Cup?,1783042238,2026-07-03T01:30:38+00:00,2026-07-03,SELL,No,0.967,16.8,0x0fd7ef1c28c06a79f2508e8e091b5ca99318076d01105729cb7f040925045765
0x5ccfe1b69a582d2985db08a8481a0d74c314b1fce9b4711ae2efb2c6467fe6aa,Will Mexico win the 2026 FIFA World Cup?,1783042148,2026-07-03T01:29:08+00:00,2026-07-03,BUY,Yes,0.033,303.0303,0x1216ffb69b97695239974074b1db89e3bc04ee126c47731888f0457571db88af
0x5ccfe1b69a582d2985db08a8481a0d74c314b1fce9b4711ae2efb2c6467fe6aa,Will Mexico win the 2026 FIFA World Cup?,1783042103,2026-07-03T01:28:23+00:00,2026-07-03,BUY,Yes,0.033,30.303,0x8dbb2ad0ea13849bc37826d50819ab2bca362e038c49cb95cd3c396e54ce2e3c
0x5ccfe1b69a582d2985db08a8481a0d74c314b1fce9b4711ae2efb2c6467fe6aa,Will Mexico win the 2026 FIFA World Cup?,1783042088,2026-07-03T01:28:08+00:00,2026-07-03,BUY,Yes,0.033,6060.6061,0xbd05b148b742815d0b6f6bbab97a7a267198f88400365c871d253c48ee9cf8f4
0x5ccfe1b69a582d2985db08a8481a0d74c314b1fce9b4711ae2efb2c6467fe6aa,Will Mexico win the 2026 FIFA World Cup?,1783042067,2026-07-03T01:27:47+00:00,2026-07-03,BUY,No,0.968,17.0,0xf347e161f25ad2f46ce715141287c129c36494fc0bb2b028140d818c32524b82
0x5ccfe1b69a582d2985db08a8481a0d74c314b1fce9b4711ae2efb2c6467fe6aa,Will Mexico win the 2026 FIFA World Cup?,1783042001,2026-07-03T01:26:41+00:00,2026-07-03,SELL,No,0.967,38.3,0xffb14a8067787aba00a17fb67680bc43dcb15fa63fa56c0ca0a104a2f4974922
0x5ccfe1b69a582d2985db08a8481a0d74c314b1fce9b4711ae2efb2c6467fe6aa,Will Mexico win the 2026 FIFA World Cup?,1783041986,2026-07-03T01:26:26+00:00,2026-07-03,BUY,Yes,0.033,25000.0,0x094c960ea45d52b87140f64917a7794b5f492bb793c62de88683da4d6a2cc61f
0x5ccfe1b69a582d2985db08a8481a0d74c314b1fce9b4711ae2efb2c6467fe6aa,Will Mexico win the 2026 FIFA World Cup?,1783041937,2026-07-03T01:25:37+00:00,2026-07-03,BUY,Yes,0.033,1441.82,0xff9d7a3084434e58a1952c1ebe878d183df9e50e843c7e56d6aa67cdd65bc4aa
0x5ccfe1b69a582d2985db08a8481a0d74c314b1fce9b4711ae2efb2c6467fe6aa,Will Mexico win the 2026 FIFA World Cup?,1783041910,2026-07-03T01:25:10+00:00,2026-07-03,SELL,No,0.967,50.15,0x73c1e0ffc7737df46645fe055b36b053662278497f496eec91c0d56f8da026b4
0x5ccfe1b69a582d2985db08a8481a0d74c314b1fce9b4711ae2efb2c6467fe6aa,Will Mexico win the 2026 FIFA World Cup?,1783041899,2026-07-03T01:24:59+00:00,2026-07-03,BUY,No,0.968,38.99,0x67ce47af8e951fc3dba20f453be09e4b5e9d90cf3b811fe475054416496cfa0f
0x5ccfe1b69a582d2985db08a8481a0d74c314b1fce9b4711ae2efb2c6467fe6aa,Will Mexico win the 2026 FIFA World Cup?,1783041854,2026-07-03T01:24:14+00:00,2026-07-03,BUY,Yes,0.033,90.9091,0xd271ba08c7426eb367f9d627cffbce23f3d26b431638edad05db877eac931695
0x5ccfe1b69a582d2985db08a8481a0d74c314b1fce9b4711ae2efb2c6467fe6aa,Will Mexico win the 2026 FIFA World Cup?,1783041824,2026-07-03T01:23:44+00:00,2026-07-03,SELL,Yes,0.032,666.66,0xf55283bb634e562eb885dd77b2b26e4b648e9cd253ad69a1bb33d05bcf0d8416
0x5ccfe1b69a582d2985db08a8481a0d74c314b1fce9b4711ae2efb2c6467fe6aa,Will Mexico win the 2026 FIFA World Cup?,1783041770,2026-07-03T01:22:50+00:00,2026-07-03,SELL,No,0.967,55.82,0xbc5f92033105562e13a581c5c525213bd6c14ebee4b0355881c081df07ecd01a
0x5ccfe1b69a582d2985db08a8481a0d74c314b1fce9b4711ae2efb2c6467fe6aa,Will Mexico win the 2026 FIFA World Cup?,1783041697,2026-07-03T01:21:37+00:00,2026-07-03,BUY,Yes,0.033,151.5152,0xc5309a49b0bbc610282dd4838c4439d304035ecdf84bc5c2cd60dfb59979f030
0x5ccfe1b69a582d2985db08a8481a0d74c314b1fce9b4711ae2efb2c6467fe6aa,Will Mexico win the 2026 FIFA World Cup?,1783041683,2026-07-03T01:21:23+00:00,2026-07-03,BUY,Yes,0.033,363.6364,0xdb7d2b01c6fbc4aa4fe920fb9e693fd907e5b15a62640f782ae8bfb48611e6af
0x5ccfe1b69a582d2985db08a8481a0d74c314b1fce9b4711ae2efb2c6467fe6aa,Will Mexico win the 2026 FIFA World Cup?,1783041664,2026-07-03T01:21:04+00:00,2026-07-03,BUY,Yes,0.033,6000.0,0xad382c2f5dcab60c03db27bd513bd3635d97132dd276dccfa60b8124fd8c7375
0x5ccfe1b69a582d2985db08a8481a0d74c314b1fce9b4711ae2efb2c6467fe6aa,Will Mexico win the 2026 FIFA World Cup?,1783041658,2026-07-03T01:20:58+00:00,2026-07-03,BUY,Yes,0.033,150.0,0x1d6928002ac1e7f0ca01be8589f29130513bb4c503dc3e372ad6198ed14ae811
0x5ccfe1b69a582d2985db08a8481a0d74c314b1fce9b4711ae2efb2c6467fe6aa,Will Mexico win the 2026 FIFA World Cup?,1783041533,2026-07-03T01:18:53+00:00,2026-07-03,BUY,No,0.968,5.1653,0x2e4ed2c1b19adf4b6cbe4ac037d18f38f35cef2d0a6772abc65fab9ed24075c7
0x5ccfe1b69a582d2985db08a8481a0d74c314b1fce9b4711ae2efb2c6467fe6aa,Will Mexico win the 2026 FIFA World Cup?,1783041487,2026-07-03T01:18:07+00:00,2026-07-03,BUY,Yes,0.033,30.303,0x6e67b25cc7b666538f91a9d88df68de3465f3cfc3a9c83cb4eafa5787581c70c
0x5ccfe1b69a582d2985db08a8481a0d74c314b1fce9b4711ae2efb2c6467fe6aa,Will Mexico win the 2026 FIFA World Cup?,1783041481,2026-07-03T01:18:01+00:00,2026-07-03,BUY,Yes,0.033,9090.9091,0x2ddcf22a2d0dd688d643109b988cf7a78481f74fa60544e3df643027bca21125
0x5ccfe1b69a582d2985db08a8481a0d74c314b1fce9b4711ae2efb2c6467fe6aa,Will Mexico win the 2026 FIFA World Cup?,1783041478,2026-07-03T01:17:58+00:00,2026-07-03,SELL,Yes,0.032,3571.42,0x36dd65c7437ed94ba9e4ac88f7ba162e2161e4ecfdd0fce523053a2304a8d8a5
0x5ccfe1b69a582d2985db08a8481a0d74c314b1fce9b4711ae2efb2c6467fe6aa,Will Mexico win the 2026 FIFA World Cup?,1783041475,2026-07-03T01:17:55+00:00,2026-07-03,SELL,Yes,0.032,606.06,0x3905816aa49c685027dd74b61a865b0e8bc7d8aece374c2c6b2275948e5f4023
0x5ccfe1b69a582d2985db08a8481a0d74c314b1fce9b4711ae2efb2c6467fe6aa,Will Mexico win the 2026 FIFA World Cup?,1783041416,2026-07-03T01:16:56+00:00,2026-07-03,BUY,No,0.968,104.0,0xb64c394dea85db4f2c4606ccbaf26bad5a06ce3860aa87f6f21e38d5bc7cadc0
0x5ccfe1b69a582d2985db08a8481a0d74c314b1fce9b4711ae2efb2c6467fe6aa,Will Mexico win the 2026 FIFA World Cup?,1783041415,2026-07-03T01:16:55+00:00,2026-07-03,SELL,Yes,0.032,165.24,0xa9f38ee92e6cb51f7b393544dab1d707dcf895475b417bd19369ba9b646b8297
0x5ccfe1b69a582d2985db08a8481a0d74c314b1fce9b4711ae2efb2c6467fe6aa,Will Mexico win the 2026 FIFA World Cup?,1783041356,2026-07-03T01:15:56+00:00,2026-07-03,BUY,Yes,0.033,151.5152,0x82595f1eea4ffa2bea5e72b8336bb685f3598b6142f64c2544f9f8c7eb4a3903
0x5ccfe1b69a582d2985db08a8481a0d74c314b1fce9b4711ae2efb2c6467fe6aa,Will Mexico win the 2026 FIFA World Cup?,1783041350,2026-07-03T01:15:50+00:00,2026-07-03,SELL,No,0.967,57.24,0x92da9c22360dffbf73522db82cf397e93392d045bcc7cd4e8417a1ead446289a
0x5ccfe1b69a582d2985db08a8481a0d74c314b1fce9b4711ae2efb2c6467fe6aa,Will Mexico win the 2026 FIFA World Cup?,1783041343,2026-07-03T01:15:43+00:00,2026-07-03,SELL,No,0.967,10.35,0xd424ab54651da5be8b8ee3cdfe0514b41ec7e43f0a090d900af75eba944bb26c
0x5ccfe1b69a582d2985db08a8481a0d74c314b1fce9b4711ae2efb2c6467fe6aa,Will Mexico win the 2026 FIFA World Cup?,1783041317,2026-07-03T01:15:17+00:00,2026-07-03,BUY,No,0.968,10.35,0x30e68b80df640af450b5eb40318243862c6aac6cb7e72eb91ce98c651c7ebd51
0x5ccfe1b69a582d2985db08a8481a0d74c314b1fce9b4711ae2efb2c6467fe6aa,Will Mexico win the 2026 FIFA World Cup?,1783041307,2026-07-03T01:15:07+00:00,2026-07-03,BUY,Yes,0.033,10564.53,0xfbe8a3bb8cb15bac73db57f956f2582b01c47fb9448a9557265ff6abbc40f039
0x5ccfe1b69a582d2985db08a8481a0d74c314b1fce9b4711ae2efb2c6467fe6aa,Will Mexico win the 2026 FIFA World Cup?,1783041211,2026-07-03T01:13:31+00:00,2026-07-03,BUY,Yes,0.033,3630.0,0xe9aa79947a07258d06aa5a7c8243df1de4d151bdc7674e86bf13b3e4d4f2b17f
0x5ccfe1b69a582d2985db08a8481a0d74c314b1fce9b4711ae2efb2c6467fe6aa,Will Mexico win the 2026 FIFA World Cup?,1783041164,2026-07-03T01:12:44+00:00,2026-07-03,BUY,Yes,0.033,90.9091,0x320ca43548629ce8b1c7029af4fdd6668b4d1fc2015eb2d2a1e4f67fd0157d0b
0x5ccfe1b69a582d2985db08a8481a0d74c314b1fce9b4711ae2efb2c6467fe6aa,Will Mexico win the 2026 FIFA World Cup?,1783041122,2026-07-03T01:12:02+00:00,2026-07-03,BUY,Yes,0.033,9393.9394,0xf1f48fe4bd4554be935cf7c9f6adfeb502f3e6f477e39dc77e834e8d132b166e
0x5ccfe1b69a582d2985db08a8481a0d74c314b1fce9b4711ae2efb2c6467fe6aa,Will Mexico win the 2026 FIFA World Cup?,1783041116,2026-07-03T01:11:56+00:00,2026-07-03,BUY,Yes,0.033,606.0606,0x6e0a5c3253c4fb1ad36fcf9ab006a3d7c8ce8bbb01f443279490b7fc8459c8f6
0x5ccfe1b69a582d2985db08a8481a0d74c314b1fce9b4711ae2efb2c6467fe6aa,Will Mexico win the 2026 FIFA World Cup?,1783040885,2026-07-03T01:08:05+00:00,2026-07-03,SELL,Yes,0.032,33.42,0x7106490de4b915db29d9ede82fd8c75a332bfda626b77e69f56ac1cde05730a6
0x5ccfe1b69a582d2985db08a8481a0d74c314b1fce9b4711ae2efb2c6467fe6aa,Will Mexico win the 2026 FIFA World Cup?,1783040858,2026-07-03T01:07:38+00:00,2026-07-03,BUY,Yes,0.033,151.5152,0xdb94365feb2ab0bb857397c48a5a15cab7ec55e5cfc39c1d5d79400e4e4b041a
0x5ccfe1b69a582d2985db08a8481a0d74c314b1fce9b4711ae2efb2c6467fe6aa,Will Mexico win the 2026 FIFA World Cup?,1783040827,2026-07-03T01:07:07+00:00,2026-07-03,SELL,Yes,0.032,151.51,0x646c672d9153c343035bbebad0a17bc6c86a2d6f3e56fea0e099e4a1495819ee
0x5ccfe1b69a582d2985db08a8481a0d74c314b1fce9b4711ae2efb2c6467fe6aa,Will Mexico win the 2026 FIFA World Cup?,1783040822,2026-07-03T01:07:02+00:00,2026-07-03,SELL,No,0.967,19.11,0xe5b41dae66b9d0fa54c5898a7b77549548b6016f05efde274281dd9aa0350861
0x5ccfe1b69a582d2985db08a8481a0d74c314b1fce9b4711ae2efb2c6467fe6aa,Will Mexico win the 2026 FIFA World Cup?,1783040795,2026-07-03T01:06:35+00:00,2026-07-03,BUY,No,0.968,19.11,0x8cd9550e4a2147937b92df492869e6c94503f9464488e963fee2c85743f3ece9
0x5ccfe1b69a582d2985db08a8481a0d74c314b1fce9b4711ae2efb2c6467fe6aa,Will Mexico win the 2026 FIFA World Cup?,1783040719,2026-07-03T01:05:19+00:00,2026-07-03,SELL,Yes,0.032,30.27,0x1c9da9a6ad45291986780e9f3062c5ba8b2965d264c97bbbaf5486682a12f2a1
0x5ccfe1b69a582d2985db08a8481a0d74c314b1fce9b4711ae2efb2c6467fe6aa,Will Mexico win the 2026 FIFA World Cup?,1783040687,2026-07-03T01:04:47+00:00,2026-07-03,BUY,No,0.968,5.0,0x35c173b009aa7586261008d88ae521bb8511c51d450acbd6b21d45086bb63b2c
0x5ccfe1b69a582d2985db08a8481a0d74c314b1fce9b4711ae2efb2c6467fe6aa,Will Mexico win the 2026 FIFA World Cup?,1783040660,2026-07-03T01:04:20+00:00,2026-07-03,SELL,No,0.967,17.2,0x0e3c72416b6c4aa21245c4c8ecf12021b620430606152064090a8d4dc7d3f9ef
0x5ccfe1b69a582d2985db08a8481a0d74c314b1fce9b4711ae2efb2c6467fe6aa,Will Mexico win the 2026 FIFA World Cup?,1783040567,2026-07-03T01:02:47+00:00,2026-07-03,BUY,Yes,0.033,597.2727,0x11df9721dff062c8eb2df17feabefeaf760e3ef2e8faacd09e14bc94529e952d
0x5ccfe1b69a582d2985db08a8481a0d74c314b1fce9b4711ae2efb2c6467fe6aa,Will Mexico win the 2026 FIFA World Cup?,1783040567,2026-07-03T01:02:47+00:00,2026-07-03,SELL,Yes,0.032,67.5,0xa166f9045db9bc4b5e56aefcc7eab8fff28a7eadeb3b07deeefb0d56828b128c
0x5ccfe1b69a582d2985db08a8481a0d74c314b1fce9b4711ae2efb2c6467fe6aa,Will Mexico win the 2026 FIFA World Cup?,1783040546,2026-07-03T01:02:26+00:00,2026-07-03,BUY,No,0.968,17.49,0x7d9dd06b06fd2945cd8713f78fd51542263a6523d3d91b26f69996233cbcd7ab
0x5ccfe1b69a582d2985db08a8481a0d74c314b1fce9b4711ae2efb2c6467fe6aa,Will Mexico win the 2026 FIFA World Cup?,1783040509,2026-07-03T01:01:49+00:00,2026-07-03,BUY,Yes,0.033,454.5455,0x6eb56bd6f3517cffb74e6e635a132291810e5127bd7c44178864613483cccb50
0x5ccfe1b69a582d2985db08a8481a0d74c314b1fce9b4711ae2efb2c6467fe6aa,Will Mexico win the 2026 FIFA World Cup?,1783040465,2026-07-03T01:01:05+00:00,2026-07-03,SELL,Yes,0.032,310.0,0xe0b0134d7b44f7f05c6cca0b3fa78b373d8060e116150f77910565baf02ff611
0x5ccfe1b69a582d2985db08a8481a0d74c314b1fce9b4711ae2efb2c6467fe6aa,Will Mexico win the 2026 FIFA World Cup?,1783040425,2026-07-03T01:00:25+00:00,2026-07-03,BUY,Yes,0.033,652.4242,0x1dadc1f430fb7bba1a21b8c3d65b4d25dcdeb88ac2f809744f06bf83bddfa8ab
0x5ccfe1b69a582d2985db08a8481a0d74c314b1fce9b4711ae2efb2c6467fe6aa,Will Mexico win the 2026 FIFA World Cup?,1783040348,2026-07-03T00:59:08+00:00,2026-07-03,BUY,Yes,0.033,60.6061,0xa3b303068745b8e5c061968a6873f797b9715052ad8589b306f96b102c25f871
0x5ccfe1b69a582d2985db08a8481a0d74c314b1fce9b4711ae2efb2c6467fe6aa,Will Mexico win the 2026 FIFA World Cup?,1783040251,2026-07-03T00:57:31+00:00,2026-07-03,BUY,No,0.968,30.0,0x8921482ed8d856512feffb1f5c10b44ff7f6f1fc98263858fe8f7ffea7d98bb1
0x5ccfe1b69a582d2985db08a8481a0d74c314b1fce9b4711ae2efb2c6467fe6aa,Will Mexico win the 2026 FIFA World Cup?,1783039987,2026-07-03T00:53:07+00:00,2026-07-03,BUY,No,0.968,52.1694,0x26b47dccdf36a68a54a6be5006ab3a5b6c628790cce5fe998266f0431d8dc87b
0x5ccfe1b69a582d2985db08a8481a0d74c314b1fce9b4711ae2efb2c6467fe6aa,Will Mexico win the 2026 FIFA World Cup?,1783039964,2026-07-03T00:52:44+00:00,2026-07-03,BUY,No,0.968,36.6529,0x5b758eaf12ae3e0f41a2b11c9981e4f22b66b7b450180370a4ee975bebb7ca91
0x5ccfe1b69a582d2985db08a8481a0d74c314b1fce9b4711ae2efb2c6467fe6aa,Will Mexico win the 2026 FIFA World Cup?,1783039864,2026-07-03T00:51:04+00:00,2026-07-03,SELL,Yes,0.032,450.0,0x18327d57deabc9f23d512d4c776f43a930eee731a413eaf0591a9decb96bb7fd
0x5ccfe1b69a582d2985db08a8481a0d74c314b1fce9b4711ae2efb2c6467fe6aa,Will Mexico win the 2026 FIFA World Cup?,1783039825,2026-07-03T00:50:25+00:00,2026-07-03,BUY,Yes,0.033,78.18,0x9a675c1b6ba15974f7bffa91bafb50efd626c4e14152d8681a14a05a42765ebb
0x5ccfe1b69a582d2985db08a8481a0d74c314b1fce9b4711ae2efb2c6467fe6aa,Will Mexico win the 2026 FIFA World Cup?,1783039780,2026-07-03T00:49:40+00:00,2026-07-03,SELL,No,0.967,17.8,0xff7e7bde0d9d7c5ba1fda2a4a0735ad20121826c2cbd9ce5bde7535579a91e3c
0x5ccfe1b69a582d2985db08a8481a0d74c314b1fce9b4711ae2efb2c6467fe6aa,Will Mexico win the 2026 FIFA World Cup?,1783039757,2026-07-03T00:49:17+00:00,2026-07-03,BUY,Yes,0.033,45.4545,0x8ca8f3302d3652f2959d7b4c610ef6f9dabf644ad7f3a4e6b7f81bef9af93875
0x5ccfe1b69a582d2985db08a8481a0d74c314b1fce9b4711ae2efb2c6467fe6aa,Will Mexico win the 2026 FIFA World Cup?,1783039742,2026-07-03T00:49:02+00:00,2026-07-03,BUY,No,0.968,18.0,0x83dee842d0dc3b81508ba167531dfc61ec33bf7f963db82cbaf6d066662f4044
0x5ccfe1b69a582d2985db08a8481a0d74c314b1fce9b4711ae2efb2c6467fe6aa,Will Mexico win the 2026 FIFA World Cup?,1783039565,2026-07-03T00:46:05+00:00,2026-07-03,BUY,No,0.968,34.1632,0x9fa172f04e7c75ee994ad5bf0db4e30aec7e61515f2d18de7f7229a2e3748943
0x5ccfe1b69a582d2985db08a8481a0d74c314b1fce9b4711ae2efb2c6467fe6aa,Will Mexico win the 2026 FIFA World Cup?,1783039552,2026-07-03T00:45:52+00:00,2026-07-03,BUY,Yes,0.033,156.37,0xc644e4ea3319e8bcadda779c3656fef49758d59d3187ea8d4baaf7d2f2628d2b
0x5ccfe1b69a582d2985db08a8481a0d74c314b1fce9b4711ae2efb2c6467fe6aa,Will Mexico win the 2026 FIFA World Cup?,1783039472,2026-07-03T00:44:32+00:00,2026-07-03,BUY,Yes,0.033,398.0,0xc0e0abde180554f5252cbf11f1ada637e5cdfde59db9a1896bd0d2fa188686f6
0x5ccfe1b69a582d2985db08a8481a0d74c314b1fce9b4711ae2efb2c6467fe6aa,Will Mexico win the 2026 FIFA World Cup?,1783039430,2026-07-03T00:43:50+00:00,2026-07-03,SELL,Yes,0.032,5000.0,0xd219f5a5f6e1884e4bf9c9f44f8ee0612ac0870be2e4c4f228f37c7b24d932f2
0x5ccfe1b69a582d2985db08a8481a0d74c314b1fce9b4711ae2efb2c6467fe6aa,Will Mexico win the 2026 FIFA World Cup?,1783039274,2026-07-03T00:41:14+00:00,2026-07-03,SELL,Yes,0.032,8834.13,0xdf76e2f6284f4ae776153e7bedacf9ec219a7739d562c75f833df8db810243ab
0x5ccfe1b69a582d2985db08a8481a0d74c314b1fce9b4711ae2efb2c6467fe6aa,Will Mexico win the 2026 FIFA World Cup?,1783039255,2026-07-03T00:40:55+00:00,2026-07-03,BUY,No,0.968,2217.0,0xfc399041a12f9b9919b660813ee647e42350f7039e2b98352614ce8a6cc746e0
0x5ccfe1b69a582d2985db08a8481a0d74c314b1fce9b4711ae2efb2c6467fe6aa,Will Mexico win the 2026 FIFA World Cup?,1783039234,2026-07-03T00:40:34+00:00,2026-07-03,BUY,No,0.968,500.0,0x95d8acaf00b8b94115b9d238adab44a37ef23ab4bffbf6660bc1f1697b2bf25d
0x5ccfe1b69a582d2985db08a8481a0d74c314b1fce9b4711ae2efb2c6467fe6aa,Will Mexico win the 2026 FIFA World Cup?,1783039226,2026-07-03T00:40:26+00:00,2026-07-03,SELL,Yes,0.032,105.33,0x1d3fa227c7f3b56b5d5811ae5ca92d8ce37293dcddf1a202a54e2209bd6f3dcb
0x5ccfe1b69a582d2985db08a8481a0d74c314b1fce9b4711ae2efb2c6467fe6aa,Will Mexico win the 2026 FIFA World Cup?,1783039115,2026-07-03T00:38:35+00:00,2026-07-03,BUY,Yes,0.033,181.8182,0x2f3ab8b33ed4e6a4ebff691e4ff90059598b00d523a198291f4130de6941ec8f
0x5ccfe1b69a582d2985db08a8481a0d74c314b1fce9b4711ae2efb2c6467fe6aa,Will Mexico win the 2026 FIFA World Cup?,1783039112,2026-07-03T00:38:32+00:00,2026-07-03,BUY,No,0.968,20000.0,0xd0a8b0a9449c7ebbd3cf374a043f3428451a579f85297c431f60a44a25cbfe01
0x5ccfe1b69a582d2985db08a8481a0d74c314b1fce9b4711ae2efb2c6467fe6aa,Will Mexico win the 2026 FIFA World Cup?,1783039016,2026-07-03T00:36:56+00:00,2026-07-03,BUY,No,0.968,41.4669,0x0555e30a9b5962f9e1203d17fc84fb8646ed4729642686742abf811a4d1dea4d
0x5ccfe1b69a582d2985db08a8481a0d74c314b1fce9b4711ae2efb2c6467fe6aa,Will Mexico win the 2026 FIFA World Cup?,1783038739,2026-07-03T00:32:19+00:00,2026-07-03,BUY,Yes,0.033,151.5152,0x2c07f5b73c57b86f753b8701e655ab9257b2c937205c70bd660aad9290394c5e
0x5ccfe1b69a582d2985db08a8481a0d74c314b1fce9b4711ae2efb2c6467fe6aa,Will Mexico win the 2026 FIFA World Cup?,1783038694,2026-07-03T00:31:34+00:00,2026-07-03,BUY,Yes,0.033,30.303,0x2a751a68cdb690bdc5908756f43a2b04594f711c2dd9e2dc84cb633ff8320d07
0x5ccfe1b69a582d2985db08a8481a0d74c314b1fce9b4711ae2efb2c6467fe6aa,Will Mexico win the 2026 FIFA World Cup?,1783038301,2026-07-03T00:25:01+00:00,2026-07-03,BUY,Yes,0.033,322.63,0xfaefa1476af880559babf166cc49c6af8e3a202d67409274b3d495cb09180969
0x5ccfe1b69a582d2985db08a8481a0d74c314b1fce9b4711ae2efb2c6467fe6aa,Will Mexico win the 2026 FIFA World Cup?,1783038292,2026-07-03T00:24:52+00:00,2026-07-03,SELL,Yes,0.032,269.33,0x3ee33d4209fb2f1d4022e312abec2e74610c78cdd8716c5f6f7095ce99fc2d6f
0x5ccfe1b69a582d2985db08a8481a0d74c314b1fce9b4711ae2efb2c6467fe6aa,Will Mexico win the 2026 FIFA World Cup?,1783038277,2026-07-03T00:24:37+00:00,2026-07-03,BUY,Yes,0.033,25.0,0x2aba73e0c88c26673c1ca14295d5f5a553d9672cb7f4f7f211d5f945c5db2813
